Time,Ticker,Price,Size,Exchange
2017-04-20 10:30:00.000,XYZ,159.584,50.1288,A
2017-04-20 10:46:40.000,XYZ,142.954,79.7417,A
2017-04-20 11:03:20.000,XYZ,141.072,33.3679,A
2017-04-20 11:20:14.976,XYZ,150.46,74.2319,B
2017-04-20 11:36:40.000,XYZ,113.182,52.6367,A
2017-04-20 11:53:20.000,XYZ,132.104,68.8213,A
2017-04-20 12:10:15.214,XYZ,103.851,38.5765,B
2017-04-20 12:26:40.000,XYZ,193.268,72.305,A
2017-04-20 12:43:34.793,XYZ,186.143,53.0779,B
2017-04-20 13:00:00.000,XYZ,163.071,17.6645,A
2017-04-20 13:16:54.913,XYZ,151.85,93.0648,B
2017-04-20 13:33:20.000,XYZ,124.134,26.1596,A
2017-04-20 13:50:15.008,XYZ,103.487,45.6081,B
2017-04-20 14:06:54.899,XYZ,196.544,43.9497,B
2017-04-20 14:23:34.885,XYZ,177.028,49.7166,B
2017-04-20 14:40:15.029,XYZ,199.932,33.2638,B
2017-04-20 14:56:40.000,XYZ,155.384,20.779,A
2017-04-20 15:13:35.172,XYZ,137.697,98.8598,B
2017-04-20 15:30:00.000,XYZ,163.223,72.8257,A
2017-04-20 15:46:54.860,XYZ,175.225,31.7677,B
2017-04-20 16:03:34.947,XYZ,133.401,92.4181,B
2017-04-20 16:20:00.000,XYZ,122.05,8.73585,A
2017-04-20 16:36:40.000,XYZ,198.776,48.506,A
2017-04-20 16:53:20.000,XYZ,164.823,26.2464,A
2017-04-20 17:10:00.000,XYZ,189.208,96.1098,A
2017-04-20 17:26:54.946,XYZ,174,12.776,B
2017-04-20 17:43:35.189,XYZ,104.373,96.8663,B
2017-04-20 18:00:15.122,XYZ,111.165,64.988,B
2017-04-20 18:16:54.847,XYZ,146.263,43.3561,B
2017-04-20 18:33:34.854,XYZ,142.634,85.2098,B
2017-04-20 18:50:00.000,XYZ,188.085,85.2407,A
2017-04-20 19:06:40.000,XYZ,185.225,97.9151,A
2017-04-20 19:23:20.000,XYZ,147.356,65.8028,A
2017-04-20 19:40:00.000,XYZ,191.523,50.4479,A
2017-04-20 19:56:40.000,XYZ,164.29,51.0261,A
2017-04-20 20:13:34.914,XYZ,195.855,80.8543,B
2017-04-20 20:30:15.058,XYZ,158.025,5.48828,B
2017-04-20 20:46:55.066,XYZ,110.395,82.1466,B
2017-04-20 21:03:34.851,XYZ,161.432,53.5217,B
2017-04-20 21:20:00.000,XYZ,178.458,72.8262,A
2017-04-20 21:36:40.000,XYZ,119.341,38.3487,A
2017-04-20 21:53:34.937,XYZ,122.834,91.0884,B
2017-04-20 22:10:14.814,XYZ,138.937,15.6454,B
2017-04-20 22:26:54.884,XYZ,165.86,31.9194,B
2017-04-20 22:43:20.000,XYZ,119.324,43.8458,A
2017-04-20 23:00:15.039,XYZ,175.372,78.9659,B
2017-04-20 23:16:54.860,XYZ,141.063,25.11,B
2017-04-20 23:33:34.847,XYZ,166.339,5.54856,B
2017-04-20 23:50:15.034,XYZ,149.605,38.6043,B
2017-04-21 00:06:40.000,XYZ,108.531,63.4147,A
2017-04-21 00:23:35.016,XYZ,145.346,17.258,B
2017-04-21 00:40:15.030,XYZ,101.812,95.5763,B
2017-04-21 00:56:54.860,XYZ,111.018,27.0615,B
2017-04-21 01:13:34.855,XYZ,129.662,14.7498,B
2017-04-21 01:30:15.195,XYZ,123.792,48.1277,B
2017-04-21 01:46:55.012,XYZ,104.138,34.209,B
2017-04-21 02:03:35.015,XYZ,189.818,88.1642,B
2017-04-21 02:20:14.934,XYZ,133.853,20.1489,B
2017-04-21 02:36:55.088,XYZ,150.981,96.4783,B
2017-04-21 02:53:20.000,XYZ,141.016,52.0113,A
2017-04-21 03:10:15.008,XYZ,104.339,21.3413,B
2017-04-21 03:26:55.127,XYZ,128.615,88.5302,B
2017-04-21 03:43:20.000,XYZ,196.843,79.9034,A
2017-04-21 04:00:00.000,XYZ,153.106,37.2851,A
2017-04-21 04:16:55.009,XYZ,135.102,47.7221,B
2017-04-21 04:33:20.000,XYZ,181.628,40.0201,A
2017-04-21 04:50:00.000,XYZ,122.404,78.9821,A
2017-04-21 05:06:55.044,XYZ,103.521,60.1929,B
2017-04-21 05:23:34.959,XYZ,146.896,21.6506,B
2017-04-21 05:40:00.000,XYZ,151.555,46.5571,A
2017-04-21 05:56:40.000,XYZ,178.946,19.9577,A
2017-04-21 06:13:35.082,XYZ,118.289,22.9162,B
2017-04-21 06:30:00.000,XYZ,131.924,8.66607,A
2017-04-21 06:46:54.888,XYZ,151.464,30.0174,B
2017-04-21 07:03:35.083,XYZ,103.351,28.987,B
2017-04-21 07:20:15.054,XYZ,146.067,30.766,B
2017-04-21 07:36:40.000,XYZ,147.96,10.9805,A
2017-04-21 07:53:35.118,XYZ,126.754,24.6582,B
2017-04-21 08:10:14.877,XYZ,185.994,34.5802,B
2017-04-21 08:26:54.984,XYZ,132.288,56.4768,B
2017-04-21 08:43:35.068,XYZ,171.542,42.4776,B
2017-04-21 09:00:14.822,XYZ,179.206,75.7263,B
2017-04-21 09:16:54.929,XYZ,184.863,46.4083,B
2017-04-21 09:33:20.000,XYZ,182.968,73.1535,A
2017-04-21 09:50:14.967,XYZ,119.967,82.8578,B
2017-04-21 10:06:40.000,XYZ,149.536,90.0793,A
2017-04-21 10:23:34.842,XYZ,189.184,42.452,B
2017-04-21 10:40:14.977,XYZ,191.98,6.31572,B
2017-04-21 10:56:40.000,XYZ,172.028,57.5831,A
2017-04-21 11:13:20.000,XYZ,105.81,93.1306,A
2017-04-21 11:30:00.000,XYZ,105.323,92.3157,A
2017-04-21 11:46:40.000,XYZ,162.322,50.0793,A
2017-04-21 12:03:20.000,XYZ,151.266,85.6442,A
2017-04-21 12:20:14.891,XYZ,160.459,48.1016,B
2017-04-21 12:36:40.000,XYZ,187.538,26.2248,A
2017-04-21 12:53:34.976,XYZ,141.302,51.3714,B
2017-04-21 13:10:14.976,XYZ,167.216,35.2778,B
2017-04-21 13:26:54.935,XYZ,137.505,42.7315,B
2017-04-21 13:43:20.000,XYZ,172.625,34.3912,A
2017-04-21 14:00:14.941,XYZ,159.561,34.0284,B
2017-04-21 14:16:55.195,XYZ,189.367,1.61536,B
2017-04-21 14:33:34.938,XYZ,146.259,12.8437,B
2017-04-21 14:50:00.000,XYZ,178.477,18.8966,A
2017-04-21 15:06:55.220,XYZ,105.563,76.281,B
2017-04-21 15:23:20.000,XYZ,198.095,24.3923,A
2017-04-21 15:40:14.765,XYZ,167.786,85.9553,B
2017-04-21 15:56:40.000,XYZ,144.016,54.0379,A
2017-04-21 16:13:20.000,XYZ,140.866,79.1927,A
2017-04-21 16:30:00.000,XYZ,139.311,70.3316,A
2017-04-21 16:46:40.000,XYZ,156.146,51.9775,A
2017-04-21 17:03:34.975,XYZ,159.409,69.5057,B
2017-04-21 17:20:14.930,XYZ,165.372,36.9545,B
2017-04-21 17:36:55.106,XYZ,107.413,64.4851,B
2017-04-21 17:53:20.000,XYZ,134.083,26.3021,A
2017-04-21 18:10:14.977,XYZ,176.462,13.7944,B
2017-04-21 18:26:40.000,XYZ,106.446,22.0151,A
2017-04-21 18:43:20.000,XYZ,103.347,68.2715,A
2017-04-21 19:00:00.000,XYZ,133.488,87.6182,A
2017-04-21 19:16:55.015,XYZ,132.136,81.7589,B
2017-04-21 19:33:35.117,XYZ,159.288,85.7719,B
2017-04-21 19:50:14.993,XYZ,160.724,78.0259,B
2017-04-21 20:06:54.980,XYZ,128.386,45.7177,B
2017-04-21 20:23:35.005,XYZ,113.296,77.904,B
2017-04-21 20:40:14.931,XYZ,120.127,36.5598,B
2017-04-21 20:56:40.000,XYZ,147.783,74.4531,A
2017-04-21 21:13:20.000,XYZ,160.141,67.7816,A
2017-04-21 21:30:00.000,XYZ,146.868,19.4926,A
2017-04-21 21:46:40.000,XYZ,190.912,99.2,A
2017-04-21 22:03:20.000,XYZ,154.486,76.3778,A
2017-04-21 22:20:00.000,XYZ,111.234,27.9271,A
2017-04-21 22:36:40.000,XYZ,122.006,6.98881,A
2017-04-21 22:53:35.063,XYZ,134.731,47.575,B
2017-04-21 23:10:00.000,XYZ,120.258,97.1956,A
2017-04-21 23:26:54.885,XYZ,141.779,1.9841,B
2017-04-21 23:43:20.000,XYZ,141.727,15.2033,A
2017-04-22 00:00:14.948,XYZ,122.773,85.3254,B
2017-04-22 00:16:55.108,XYZ,135.629,78.1859,B
2017-04-22 00:33:20.000,XYZ,150.703,94.7522,A
2017-04-22 00:50:00.000,XYZ,189.714,46.9721,A
2017-04-22 01:06:55.115,XYZ,139.813,64.0081,B
2017-04-22 01:23:20.000,XYZ,103.164,2.13011,A
2017-04-22 01:40:00.000,XYZ,193.902,43.977,A
2017-04-22 01:56:40.000,XYZ,133.924,86.1903,A
2017-04-22 02:13:20.000,XYZ,141.739,62.7953,A
2017-04-22 02:30:14.826,XYZ,153.269,61.5914,B
2017-04-22 02:46:40.000,XYZ,153.744,42.2499,A
2017-04-22 03:03:20.000,XYZ,123.551,60.5425,A
2017-04-22 03:20:00.000,XYZ,126.299,59.5151,A
2017-04-22 03:36:40.000,XYZ,168.347,77.9102,A
2017-04-22 03:53:35.042,XYZ,172.106,97.7872,B
2017-04-22 04:10:00.000,XYZ,159.736,55.383,A
2017-04-22 04:26:40.000,XYZ,167.38,88.97,A
2017-04-22 04:43:34.919,XYZ,164.292,29.8747,B
2017-04-22 05:00:00.000,XYZ,106.309,80.5821,A
2017-04-22 05:16:54.993,XYZ,149.019,97.2067,B
2017-04-22 05:33:34.797,XYZ,100.421,73.5704,B
2017-04-22 05:50:00.000,XYZ,123.929,68.3815,A
2017-04-22 06:06:54.946,XYZ,116.505,16.0896,B
2017-04-22 06:23:35.041,XYZ,116.612,29.4432,B
2017-04-22 06:40:00.000,XYZ,197.701,28.1848,A
2017-04-22 06:56:55.016,XYZ,134.039,93.8793,B
2017-04-22 07:13:34.874,XYZ,139.929,85.0038,B
2017-04-22 07:30:00.000,XYZ,178.453,3.78201,A
2017-04-22 07:46:54.959,XYZ,119.194,70.834,B
2017-04-22 08:03:34.925,XYZ,178.203,40.4866,B
2017-04-22 08:20:00.000,XYZ,109.74,16.2597,A
2017-04-22 08:36:40.000,XYZ,109.42,48.535,A
2017-04-22 08:53:20.000,XYZ,149.14,95.5465,A
2017-04-22 09:10:00.000,XYZ,117.317,13.4339,A
2017-04-22 09:26:40.000,XYZ,129.172,2.37101,A
2017-04-22 09:43:35.045,XYZ,109.697,33.4111,B
2017-04-22 10:00:14.852,XYZ,125.899,37.4134,B
2017-04-22 10:16:55.057,XYZ,108.006,28.5564,B
2017-04-22 10:33:34.866,XYZ,186.65,98.2747,B
2017-04-22 10:50:14.995,XYZ,128.226,84.5371,B
2017-04-22 11:06:54.995,XYZ,173.96,14.4625,B
2017-04-22 11:23:35.072,XYZ,179.008,51.5265,B
2017-04-22 11:40:00.000,XYZ,173.028,93.284,A
2017-04-22 11:56:40.000,XYZ,199.097,52.1422,A
2017-04-22 12:13:35.055,XYZ,146.295,54.0248,B
2017-04-22 12:30:00.000,XYZ,135.851,16.8527,A
2017-04-22 12:46:40.000,XYZ,191.532,27.5626,A
2017-04-22 13:03:20.000,XYZ,137.491,46.2852,A
2017-04-22 13:20:00.000,XYZ,175.709,86.6932,A
2017-04-22 13:36:40.000,XYZ,139.898,79.9166,A
2017-04-22 13:53:20.000,XYZ,100.734,67.1478,A
2017-04-22 14:10:14.800,XYZ,197.763,61.966,B
2017-04-22 14:26:40.000,XYZ,152.789,98.163,A
2017-04-22 14:43:20.000,XYZ,164.305,58.5852,A
2017-04-22 15:00:00.000,XYZ,133.379,40.88,A
2017-04-22 15:16:54.988,XYZ,177.473,48.7315,B
2017-04-22 15:33:34.970,XYZ,130.628,25.8871,B
2017-04-22 15:50:00.000,XYZ,116.011,22.2876,A
2017-04-22 16:06:40.000,XYZ,152.413,98.4699,A
2017-04-22 16:23:35.024,XYZ,122.735,26.2652,B
2017-04-22 16:40:15.025,XYZ,152.411,62.8121,B
2017-04-22 16:56:40.000,XYZ,116.229,74.4727,A
2017-04-22 17:13:20.000,XYZ,155.531,4.77036,A
2017-04-22 17:30:14.910,XYZ,139.07,89.0175,B
2017-04-22 17:46:40.000,XYZ,106.566,49.0338,A
2017-04-22 18:03:20.000,XYZ,125.742,9.02353,A
2017-04-22 18:20:14.980,XYZ,157.181,14.6038,B
2017-04-22 18:36:40.000,XYZ,109.267,61.1873,A
2017-04-22 18:53:34.893,XYZ,185.53,91.065,B
2017-04-22 19:10:15.075,XYZ,144.523,57.701,B
2017-04-22 19:26:55.030,XYZ,131.049,6.66275,B
2017-04-22 19:43:35.028,XYZ,116.142,53.2981,B
2017-04-22 20:00:15.028,XYZ,119.009,96.2961,B
2017-04-22 20:16:55.016,XYZ,154.343,33.7858,B
2017-04-22 20:33:20.000,XYZ,130.883,2.86775,A
2017-04-22 20:50:15.221,XYZ,139.256,1.98031,B
2017-04-22 21:06:40.000,XYZ,168.428,8.81809,A
2017-04-22 21:23:34.887,XYZ,160.367,46.5322,B
2017-04-22 21:40:14.880,XYZ,194.497,18.547,B
2017-04-22 21:56:55.100,XYZ,155.321,17.7955,B
2017-04-22 22:13:20.000,XYZ,174.453,47.5625,A
2017-04-22 22:30:15.016,XYZ,126.154,46.5801,B
2017-04-22 22:46:40.000,XYZ,147.827,74.0836,A
2017-04-22 23:03:35.099,XYZ,141.114,70.7886,B
2017-04-22 23:20:00.000,XYZ,139.122,77.1048,A
2017-04-22 23:36:54.846,XYZ,136.294,13.3792,B
2017-04-22 23:53:35.149,XYZ,163.159,52.0063,B
2017-04-23 00:10:00.000,XYZ,182.196,65.3067,A
2017-04-23 00:26:40.000,XYZ,184.891,76.0556,A
2017-04-23 00:43:35.088,XYZ,103.765,1.68935,B
2017-04-23 01:00:00.000,XYZ,101.406,57.8397,A
2017-04-23 01:16:55.041,XYZ,187.608,43.3792,B
2017-04-23 01:33:20.000,XYZ,153.576,42.9628,A
2017-04-23 01:50:14.937,XYZ,189.414,31.1447,B
2017-04-23 02:06:55.017,XYZ,182.635,86.4395,B
2017-04-23 02:23:34.898,XYZ,140.089,42.5424,B
2017-04-23 02:40:15.034,XYZ,196.307,41.8716,B
2017-04-23 02:56:40.000,XYZ,142.538,39.1344,A
2017-04-23 03:13:34.884,XYZ,126.79,95.1241,B
2017-04-23 03:30:14.837,XYZ,130.957,35.9822,B
2017-04-23 03:46:55.173,XYZ,190.915,44.5562,B
2017-04-23 04:03:34.854,XYZ,179.624,75.0836,B
2017-04-23 04:20:00.000,XYZ,168.5,90.4247,A
2017-04-23 04:36:40.000,XYZ,157.724,2.02978,A
2017-04-23 04:53:20.000,XYZ,140.793,30.5147,A
2017-04-23 05:10:15.102,XYZ,161.474,14.4,B
2017-04-23 05:26:54.785,XYZ,172.111,79.2973,B
2017-04-23 05:43:20.000,XYZ,120.04,21.3374,A
2017-04-23 06:00:14.960,XYZ,165.755,40.3657,B
2017-04-23 06:16:40.000,XYZ,125.75,60.5477,A
2017-04-23 06:33:35.133,XYZ,114.221,93.5964,B
2017-04-23 06:50:14.946,XYZ,177.298,59.0336,B
2017-04-23 07:06:40.000,XYZ,194.491,70.2887,A
2017-04-23 07:23:35.050,XYZ,190.558,19.3239,B
2017-04-23 07:40:15.062,XYZ,157.822,41.6513,B
2017-04-23 07:56:55.052,XYZ,151.986,52.7573,B
2017-04-23 08:13:20.000,XYZ,149.884,27.0034,A
2017-04-23 08:30:14.904,XYZ,175.885,57.543,B
2017-04-23 08:46:40.000,XYZ,154.646,17.7062,A
2017-04-23 09:03:35.060,XYZ,107.09,80.0258,B
2017-04-23 09:20:14.959,XYZ,152.891,73.1183,B
2017-04-23 09:36:40.000,XYZ,120.767,43.0982,A
2017-04-23 09:53:35.071,XYZ,143.133,38.3866,B
2017-04-23 10:10:14.993,XYZ,130.418,30.1865,B
2017-04-23 10:26:40.000,XYZ,112.66,97.139,A
2017-04-23 10:43:20.000,XYZ,199.994,65.0001,A
2017-04-23 11:00:15.069,XYZ,107.537,88.2516,B
2017-04-23 11:16:40.000,XYZ,112.556,17.2088,A
2017-04-23 11:33:20.000,XYZ,113.76,56.9654,A
2017-04-23 11:50:00.000,XYZ,104.949,10.7035,A
2017-04-23 12:06:40.000,XYZ,188.522,82.0893,A
2017-04-23 12:23:34.972,XYZ,165.385,79.7527,B
2017-04-23 12:40:14.934,XYZ,105.212,63.2938,B
2017-04-23 12:56:40.000,XYZ,133.977,91.6638,A
2017-04-23 13:13:20.000,XYZ,193.024,2.20558,A
2017-04-23 13:30:00.000,XYZ,110.387,94.0881,A
2017-04-23 13:46:55.019,XYZ,190.032,3.81113,B
2017-04-23 14:03:20.000,XYZ,144.302,37.4729,A
2017-04-23 14:20:14.985,XYZ,111.11,37.2464,B
2017-04-23 14:36:40.000,XYZ,199.785,18.7364,A
2017-04-23 14:53:34.912,XYZ,143.522,56.8665,B
2017-04-23 15:10:00.000,XYZ,148.64,81.4491,A
2017-04-23 15:26:54.994,XYZ,100.996,36.5973,B
2017-04-23 15:43:20.000,XYZ,176.66,55.3304,A
2017-04-23 16:00:14.857,XYZ,108.036,85.7473,B
2017-04-23 16:16:54.771,XYZ,161.048,32.4501,B
2017-04-23 16:33:20.000,XYZ,151.859,48.0118,A
2017-04-23 16:50:14.926,XYZ,185,6.01957,B
2017-04-23 17:06:40.000,XYZ,129.721,74.3577,A
2017-04-23 17:23:20.000,XYZ,113.931,4.28781,A
2017-04-23 17:40:15.155,XYZ,105.602,97.6469,B
2017-04-23 17:56:40.000,XYZ,172.943,92.9084,A
2017-04-23 18:13:20.000,XYZ,160.453,74.4884,A
2017-04-23 18:30:14.915,XYZ,178.761,46.983,B
2017-04-23 18:46:55.169,XYZ,169.904,19.7887,B
2017-04-23 19:03:34.918,XYZ,198.49,76.8357,B
2017-04-23 19:20:14.954,XYZ,196.552,92.6752,B
2017-04-23 19:36:54.910,XYZ,118.793,94.952,B
2017-04-23 19:53:34.980,XYZ,131.701,36.8399,B
2017-04-23 20:10:00.000,XYZ,154.741,54.2649,A
2017-04-23 20:26:54.849,XYZ,117.378,95.1034,B
2017-04-23 20:43:35.066,XYZ,152.37,81.075,B
2017-04-23 21:00:15.034,XYZ,168.039,61.9137,B
2017-04-23 21:16:54.898,XYZ,162.719,37.0893,B
2017-04-23 21:33:34.950,XYZ,170.907,8.22364,B
2017-04-23 21:50:00.000,XYZ,155.594,39.5466,A
2017-04-23 22:06:55.135,XYZ,193.303,28,B
2017-04-23 22:23:34.977,XYZ,121.852,80.2375,B
2017-04-23 22:40:14.936,XYZ,128.164,22.2816,B
2017-04-23 22:56:55.092,XYZ,161.047,45.4427,B
2017-04-23 23:13:35.040,XYZ,141.233,73.0189,B
2017-04-23 23:30:14.880,XYZ,168.053,29.8689,B
2017-04-23 23:46:55.061,XYZ,150.166,77.7293,B
2017-04-24 00:03:34.984,XYZ,114.943,12.0316,B
2017-04-24 00:20:00.000,XYZ,133.869,36.4046,A
2017-04-24 00:36:40.000,XYZ,158.204,61.6287,A
2017-04-24 00:53:34.827,XYZ,144.444,5.87411,B
2017-04-24 01:10:15.026,XYZ,188.357,50.9577,B
2017-04-24 01:26:55.029,XYZ,116.32,98.3747,B
2017-04-24 01:43:20.000,XYZ,188.257,95.0786,A
2017-04-24 02:00:15.164,XYZ,140.247,42.9737,B
2017-04-24 02:16:54.895,XYZ,170.323,5.43009,B
2017-04-24 02:33:20.000,XYZ,138.417,6.94913,A
2017-04-24 02:50:00.000,XYZ,111.242,64.8036,A
2017-04-24 03:06:54.930,XYZ,160.307,44.5075,B
2017-04-24 03:23:34.877,XYZ,168.977,51.5705,B
2017-04-24 03:40:00.000,XYZ,115.851,62.7418,A
2017-04-24 03:56:40.000,XYZ,191.779,91.0704,A
2017-04-24 04:13:20.000,XYZ,199.486,60.7889,A
2017-04-24 04:30:15.185,XYZ,113.719,11.7186,B
2017-04-24 04:46:55.039,XYZ,131.832,26.4973,B
2017-04-24 05:03:34.981,XYZ,172.678,94.3372,B
2017-04-24 05:20:14.993,XYZ,155.372,49.8908,B
2017-04-24 05:36:55.152,XYZ,146.68,54.3636,B
2017-04-24 05:53:20.000,XYZ,135.36,77.2616,A
2017-04-24 06:10:14.973,XYZ,122.087,53.6557,B
2017-04-24 06:26:54.888,XYZ,123.791,13.5756,B
2017-04-24 06:43:20.000,XYZ,197.9,36.5189,A
2017-04-24 07:00:00.000,XYZ,101.014,30.7152,A
2017-04-24 07:16:54.893,XYZ,198.45,42.2112,B
2017-04-24 07:33:20.000,XYZ,158.164,59.5586,A
2017-04-24 07:50:14.976,XYZ,175.932,58.6515,B
2017-04-24 08:06:55.135,XYZ,177.459,19.9328,B
2017-04-24 08:23:34.813,XYZ,128.783,54.6094,B
2017-04-24 08:40:15.094,XYZ,184.376,60.0312,B
2017-04-24 08:56:54.898,XYZ,166.664,78.8324,B
2017-04-24 09:13:20.000,XYZ,145.164,36.7521,A
2017-04-24 09:30:00.000,XYZ,155.72,46.7496,A
2017-04-24 09:46:54.978,XYZ,160.365,50.045,B
2017-04-24 10:03:20.000,XYZ,193.418,25.3067,A
2017-04-24 10:20:00.000,XYZ,133.857,83.736,A
2017-04-24 10:36:40.000,XYZ,135.988,69.1824,A
2017-04-24 10:53:35.031,XYZ,101.868,57.0167,B
2017-04-24 11:10:15.042,XYZ,166.13,6.95301,B
2017-04-24 11:26:55.031,XYZ,185.664,66.8612,B
2017-04-24 11:43:20.000,XYZ,151.375,22.8466,A
2017-04-24 12:00:00.000,XYZ,199.576,86.4776,A
2017-04-24 12:16:55.010,XYZ,112.893,86.148,B
2017-04-24 12:33:34.924,XYZ,111.12,94.2745,B
2017-04-24 12:50:00.000,XYZ,177.939,28.4042,A
2017-04-24 13:06:40.000,XYZ,115.312,47.5753,A
2017-04-24 13:23:20.000,XYZ,167.014,19.1292,A
2017-04-24 13:40:00.000,XYZ,100.772,50.4481,A
2017-04-24 13:56:40.000,XYZ,162.406,79.0073,A
2017-04-24 14:13:34.959,XYZ,197.801,88.0548,B
2017-04-24 14:30:00.000,XYZ,170.741,8.7452,A
2017-04-24 14:46:54.997,XYZ,141.481,74.9123,B
2017-04-24 15:03:35.037,XYZ,126.491,82.9087,B
2017-04-24 15:20:15.158,XYZ,145.925,81.1308,B
2017-04-24 15:36:55.013,XYZ,175.022,34.0986,B
2017-04-24 15:53:35.173,XYZ,100.827,77.8015,B
2017-04-24 16:10:00.000,XYZ,170.761,28.8129,A
2017-04-24 16:26:40.000,XYZ,149.322,39.303,A
2017-04-24 16:43:34.868,XYZ,189.741,5.65973,B
2017-04-24 17:00:15.035,XYZ,170.25,17.0319,B
2017-04-24 17:16:54.920,XYZ,195.68,48.7809,B
2017-04-24 17:33:20.000,XYZ,133.888,7.22136,A
2017-04-24 17:50:15.000,XYZ,198.784,83.3242,B
2017-04-24 18:06:40.000,XYZ,166.571,69.5532,A
2017-04-24 18:23:35.030,XYZ,106.631,50.6672,B
2017-04-24 18:40:14.939,XYZ,168.237,31.4228,B
2017-04-24 18:56:54.958,XYZ,194.577,48.95,B
2017-04-24 19:13:35.066,XYZ,191.856,76.1512,B
2017-04-24 19:30:14.975,XYZ,161.119,65.1399,B
2017-04-24 19:46:54.999,XYZ,137.172,68.3946,B
2017-04-24 20:03:20.000,XYZ,118.09,81.1704,A
2017-04-24 20:20:00.000,XYZ,115.378,98.197,A
2017-04-24 20:36:54.989,XYZ,117.2,4.84203,B
2017-04-24 20:53:20.000,XYZ,187.273,91.2043,A
2017-04-24 21:10:14.998,XYZ,153.599,57.7309,B
2017-04-24 21:26:55.085,XYZ,147.173,97.1899,B
2017-04-24 21:43:20.000,XYZ,142.612,50.8886,A
2017-04-24 22:00:14.947,XYZ,191.424,67.1163,B
2017-04-24 22:16:40.000,XYZ,125.95,24.1765,A
2017-04-24 22:33:20.000,XYZ,107.325,32.9823,A
2017-04-24 22:50:00.000,XYZ,181.64,78.2142,A
2017-04-24 23:06:55.005,XYZ,150.941,57.4547,B
2017-04-24 23:23:20.000,XYZ,121.802,62.2577,A
2017-04-24 23:40:00.000,XYZ,195.907,54.0277,A
2017-04-24 23:56:40.000,XYZ,137.726,50.4101,A
2017-04-25 00:13:34.987,XYZ,147.445,18.5354,B
2017-04-25 00:30:00.000,XYZ,138.87,30.289,A
2017-04-25 00:46:40.000,XYZ,104.8,98.0716,A
2017-04-25 01:03:34.873,XYZ,134.641,48.7234,B
2017-04-25 01:20:00.000,XYZ,174.478,86.4541,A
2017-04-25 01:36:55.031,XYZ,127.741,10.0426,B
2017-04-25 01:53:34.936,XYZ,196.929,72.9943,B
2017-04-25 02:10:15.048,XYZ,197.087,9.09362,B
2017-04-25 02:26:40.000,XYZ,102.098,87.1358,A
2017-04-25 02:43:35.041,XYZ,112.281,81.4371,B
2017-04-25 03:00:15.003,XYZ,123.73,62.341,B
2017-04-25 03:16:40.000,XYZ,168.026,28.5504,A
2017-04-25 03:33:35.009,XYZ,192.025,86.634,B
2017-04-25 03:50:14.960,XYZ,135.57,11.2827,B
2017-04-25 04:06:55.270,XYZ,119.125,67.462,B
2017-04-25 04:23:20.000,XYZ,127.48,29.4464,A
2017-04-25 04:40:15.040,XYZ,120.423,48.5813,B
2017-04-25 04:56:54.912,XYZ,130.268,61.2686,B
2017-04-25 05:13:20.000,XYZ,106.976,33.9127,A
2017-04-25 05:30:00.000,XYZ,108.163,56.4513,A
2017-04-25 05:46:55.065,XYZ,165.359,42.0595,B
2017-04-25 06:03:34.963,XYZ,188.637,44.2789,B
2017-04-25 06:20:00.000,XYZ,111.565,14.7709,A
2017-04-25 06:36:40.000,XYZ,146.718,47.2195,A
2017-04-25 06:53:20.000,XYZ,125.229,91.5613,A
2017-04-25 07:10:00.000,XYZ,186.202,35.0951,A
2017-04-25 07:26:54.983,XYZ,181.53,87.6921,B
2017-04-25 07:43:20.000,XYZ,167.089,11.8874,A
2017-04-25 08:00:00.000,XYZ,116.797,72.8935,A
2017-04-25 08:16:55.060,XYZ,123.564,47.2062,B
2017-04-25 08:33:20.000,XYZ,173.853,89.3719,A
2017-04-25 08:50:15.119,XYZ,114.178,63.5188,B
2017-04-25 09:06:55.105,XYZ,134.04,67.2816,B
2017-04-25 09:23:35.178,XYZ,142.079,55.5709,B
2017-04-25 09:40:00.000,XYZ,197.619,82.609,A
2017-04-25 09:56:54.793,XYZ,109.239,9.63507,B
2017-04-25 10:13:20.000,XYZ,147.708,31.2243,A
2017-04-25 10:30:15.039,XYZ,147.139,60.3068,B
2017-04-25 10:46:40.000,XYZ,187.659,23.9363,A
2017-04-25 11:03:35.092,XYZ,167.285,16.7486,B
2017-04-25 11:20:00.000,XYZ,155.991,69.9826,A
2017-04-25 11:36:40.000,XYZ,190.848,68.612,A
2017-04-25 11:53:20.000,XYZ,175.57,94.0095,A
2017-04-25 12:10:14.934,XYZ,179.694,12.8933,B
2017-04-25 12:26:55.030,XYZ,101.994,8.71098,B
2017-04-25 12:43:35.149,XYZ,145.16,74.2953,B
2017-04-25 13:00:00.000,XYZ,159.119,16.0764,A
2017-04-25 13:16:40.000,XYZ,137.805,56.0564,A
2017-04-25 13:33:34.949,XYZ,143.197,43.3298,B
2017-04-25 13:50:15.053,XYZ,118.501,61.1747,B
2017-04-25 14:06:40.000,XYZ,152.931,99.4203,A
2017-04-25 14:23:35.017,XYZ,194.426,26.8059,B
2017-04-25 14:40:00.000,XYZ,191.358,59.2511,A
2017-04-25 14:56:54.926,XYZ,180.733,51.3959,B
2017-04-25 15:13:20.000,XYZ,156.981,71.2457,A
2017-04-25 15:30:00.000,XYZ,142.052,23.9549,A
2017-04-25 15:46:40.000,XYZ,142.635,82.2422,A
2017-04-25 16:03:20.000,XYZ,156.367,35.2593,A
2017-04-25 16:20:00.000,XYZ,136.352,47.3159,A
2017-04-25 16:36:40.000,XYZ,182.86,62.8683,A
2017-04-25 16:53:34.886,XYZ,147.623,1.95064,B
2017-04-25 17:10:14.973,XYZ,192.036,83.845,B
2017-04-25 17:26:40.000,XYZ,198.19,27.5102,A
2017-04-25 17:43:35.120,XYZ,134.889,31.8604,B
2017-04-25 18:00:00.000,XYZ,150.149,14.5036,A
2017-04-25 18:16:40.000,XYZ,180.715,19.9956,A
2017-04-25 18:33:20.000,XYZ,117.095,1.63819,A
2017-04-25 18:50:14.992,XYZ,110.422,79.7865,B
2017-04-25 19:06:40.000,XYZ,145.037,53.2864,A
2017-04-25 19:23:35.046,XYZ,184.945,58.4959,B
2017-04-25 19:40:15.011,XYZ,128.164,52.4291,B
2017-04-25 19:56:54.946,XYZ,115.639,30.5149,B
2017-04-25 20:13:20.000,XYZ,199.057,94.0714,A
2017-04-25 20:30:00.000,XYZ,129.447,51.1565,A
2017-04-25 20:46:55.059,XYZ,104.248,24.899,B
2017-04-25 21:03:20.000,XYZ,107.061,35.4578,A
2017-04-25 21:20:15.036,XYZ,170.74,88.0051,B
2017-04-25 21:36:55.083,XYZ,164.874,37.088,B
2017-04-25 21:53:34.962,XYZ,147.021,32.7899,B
2017-04-25 22:10:00.000,XYZ,110.644,76.6471,A
2017-04-25 22:26:40.000,XYZ,126.062,23.1844,A
2017-04-25 22:43:35.008,XYZ,167.501,35.9133,B
2017-04-25 23:00:15.007,XYZ,151.251,96.6958,B
2017-04-25 23:16:40.000,XYZ,182.842,3.02159,A
2017-04-25 23:33:34.972,XYZ,177.001,59.1814,B
2017-04-25 23:50:00.000,XYZ,109.049,87.5844,A
2017-04-26 00:06:55.078,XYZ,113.101,10.52,B
2017-04-26 00:23:20.000,XYZ,148.5,72.2659,A
2017-04-26 00:40:14.941,XYZ,191.615,87.2599,B
2017-04-26 00:56:54.934,XYZ,122.262,41.742,B
2017-04-26 01:13:34.878,XYZ,120.042,55.6045,B
2017-04-26 01:30:00.000,XYZ,100.248,36.7396,A
2017-04-26 01:46:40.000,XYZ,114.264,7.21644,A
2017-04-26 02:03:20.000,XYZ,198.349,59.8968,A
2017-04-26 02:20:14.874,XYZ,144.01,9.54905,B
2017-04-26 02:36:40.000,XYZ,119.233,81.809,A
2017-04-26 02:53:34.918,XYZ,157.655,98.9784,B
2017-04-26 03:10:15.039,XYZ,164.612,42.7373,B
2017-04-26 03:26:54.837,XYZ,101.099,32.0363,B
2017-04-26 03:43:35.007,XYZ,160.191,54.2634,B
2017-04-26 04:00:00.000,XYZ,125.295,19.4621,A
2017-04-26 04:16:55.059,XYZ,142.511,9.11585,B
2017-04-26 04:33:34.869,XYZ,139.166,89.6946,B
2017-04-26 04:50:14.910,XYZ,132.847,17.3844,B
2017-04-26 05:06:40.000,XYZ,138.387,38.5077,A
2017-04-26 05:23:35.038,XYZ,106.361,92.458,B
2017-04-26 05:40:00.000,XYZ,117.842,33.7694,A
2017-04-26 05:56:40.000,XYZ,154.893,47.3356,A
2017-04-26 06:13:34.962,XYZ,186.721,54.4815,B
2017-04-26 06:30:15.039,XYZ,139.003,89.1593,B
2017-04-26 06:46:40.000,XYZ,192.573,1.47716,A
2017-04-26 07:03:20.000,XYZ,167.109,17.9187,A
2017-04-26 07:20:00.000,XYZ,133.859,49.0439,A
2017-04-26 07:36:55.101,XYZ,178.217,65.4506,B
2017-04-26 07:53:34.936,XYZ,169.613,50.2934,B
2017-04-26 08:10:15.032,XYZ,181.112,76.6868,B
2017-04-26 08:26:40.000,XYZ,138.006,14.3303,A
2017-04-26 08:43:20.000,XYZ,115.454,62.3793,A
2017-04-26 09:00:15.060,XYZ,115.026,73.2524,B
2017-04-26 09:16:55.021,XYZ,177.001,21.2653,B
2017-04-26 09:33:35.069,XYZ,123.393,6.72487,B
2017-04-26 09:50:00.000,XYZ,197.231,80.0121,A
2017-04-26 10:06:40.000,XYZ,119.838,35.0581,A
2017-04-26 10:23:20.000,XYZ,149.815,30.1233,A
2017-04-26 10:40:00.000,XYZ,134.55,92.3095,A
2017-04-26 10:56:55.001,XYZ,158.294,38.5253,B
2017-04-26 11:13:20.000,XYZ,190.493,81.9278,A
2017-04-26 11:30:00.000,XYZ,146.192,27.3373,A
2017-04-26 11:46:55.174,XYZ,140.004,32.2631,B
2017-04-26 12:03:20.000,XYZ,110.508,4.37905,A
2017-04-26 12:20:15.110,XYZ,181.55,43.1313,B
2017-04-26 12:36:55.035,XYZ,108.362,16.1129,B
2017-04-26 12:53:34.940,XYZ,139.239,83.5117,B
2017-04-26 13:10:15.071,XYZ,106.454,75.1304,B
2017-04-26 13:26:40.000,XYZ,148.699,79.6238,A
2017-04-26 13:43:34.857,XYZ,189.915,9.98284,B
2017-04-26 14:00:00.000,XYZ,187.754,44.4506,A
2017-04-26 14:16:40.000,XYZ,166.208,96.1656,A
2017-04-26 14:33:20.000,XYZ,139.462,95.0934,A
2017-04-26 14:50:00.000,XYZ,197.821,56.6,A
2017-04-26 15:06:55.104,XYZ,151.055,47.0948,B
2017-04-26 15:23:20.000,XYZ,113.433,96.5674,A
2017-04-26 15:40:00.000,XYZ,104.6,9.70553,A
2017-04-26 15:56:40.000,XYZ,149.67,47.3769,A
2017-04-26 16:13:35.082,XYZ,196.589,32.0077,B
2017-04-26 16:30:15.015,XYZ,136.289,95.6999,B
2017-04-26 16:46:40.000,XYZ,131.314,7.53127,A
2017-04-26 17:03:35.112,XYZ,132.904,79.7445,B
2017-04-26 17:20:00.000,XYZ,129.974,32.4474,A
2017-04-26 17:36:40.000,XYZ,115.039,61.5808,A
2017-04-26 17:53:35.108,XYZ,150.032,1.79107,B
2017-04-26 18:10:14.972,XYZ,109.881,9.11538,B
2017-04-26 18:26:40.000,XYZ,107.466,10.6864,A
2017-04-26 18:43:34.909,XYZ,111.092,28.4575,B
2017-04-26 19:00:15.010,XYZ,138.466,39.3785,B
2017-04-26 19:16:54.917,XYZ,128.913,75.9956,B
2017-04-26 19:33:20.000,XYZ,153.838,31.5964,A
2017-04-26 19:50:14.981,XYZ,173.839,14.0502,B
2017-04-26 20:06:40.000,XYZ,185.721,40.9786,A
2017-04-26 20:23:20.000,XYZ,139.181,59.3444,A
2017-04-26 20:40:00.000,XYZ,100.49,62.3216,A
2017-04-26 20:56:40.000,XYZ,131.33,49.0385,A
2017-04-26 21:13:20.000,XYZ,142.684,50.1112,A
2017-04-26 21:30:00.000,XYZ,107.11,95.6879,A
2017-04-26 21:46:40.000,XYZ,138.73,42.7057,A
2017-04-26 22:03:35.044,XYZ,143.411,58.597,B
2017-04-26 22:20:00.000,XYZ,125.876,88.6944,A
2017-04-26 22:36:54.884,XYZ,124.85,75.0754,B
2017-04-26 22:53:20.000,XYZ,126.249,37.0054,A
2017-04-26 23:10:00.000,XYZ,115.609,78.9208,A
2017-04-26 23:26:40.000,XYZ,179.872,19.6749,A
2017-04-26 23:43:35.146,XYZ,169.99,2.37606,B
2017-04-27 00:00:00.000,XYZ,152.703,33.1115,A
2017-04-27 00:16:40.000,XYZ,178.297,90.1325,A
2017-04-27 00:33:35.041,XYZ,195.306,57.2192,B
2017-04-27 00:50:00.000,XYZ,134.221,89.3079,A
2017-04-27 01:06:55.041,XYZ,154.001,72.5802,B
2017-04-27 01:23:20.000,XYZ,180.853,69.4246,A
2017-04-27 01:40:00.000,XYZ,151.303,39.9669,A
2017-04-27 01:56:40.000,XYZ,179.277,71.8915,A
2017-04-27 02:13:20.000,XYZ,120.389,3.52112,A
2017-04-27 02:30:15.139,XYZ,197.22,92.0868,B
2017-04-27 02:46:54.898,XYZ,145.709,53.9746,B
2017-04-27 03:03:34.951,XYZ,195.011,5.60963,B
2017-04-27 03:20:15.010,XYZ,188.293,46.3704,B
2017-04-27 03:36:55.028,XYZ,138.565,40.8783,B
2017-04-27 03:53:20.000,XYZ,176.219,49.0787,A
2017-04-27 04:10:14.953,XYZ,102.272,94.6734,B
2017-04-27 04:26:55.003,XYZ,199.787,25.117,B
2017-04-27 04:43:35.017,XYZ,149.336,4.88909,B
2017-04-27 05:00:00.000,XYZ,134.069,18.1124,A
2017-04-27 05:16:54.833,XYZ,133.978,13.7919,B
2017-04-27 05:33:20.000,XYZ,199.438,16.4493,A
2017-04-27 05:50:00.000,XYZ,172.966,3.57005,A
2017-04-27 06:06:40.000,XYZ,174.833,94.6283,A
2017-04-27 06:23:35.175,XYZ,138.941,23.6203,B
2017-04-27 06:40:14.938,XYZ,156.744,12.7106,B
2017-04-27 06:56:40.000,XYZ,160.262,75.2592,A
2017-04-27 07:13:34.988,XYZ,123.212,20.1726,B
2017-04-27 07:30:00.000,XYZ,187.99,44.6741,A
2017-04-27 07:46:55.143,XYZ,146.005,92.0616,B
2017-04-27 08:03:35.011,XYZ,127.991,67.6268,B
2017-04-27 08:20:14.941,XYZ,167.658,50.2931,B
2017-04-27 08:36:40.000,XYZ,168.82,62.1779,A
2017-04-27 08:53:35.004,XYZ,132.092,4.98078,B
2017-04-27 09:10:00.000,XYZ,153.048,12.967,A
2017-04-27 09:26:54.838,XYZ,139.808,20.8845,B
2017-04-27 09:43:34.951,XYZ,198.006,13.4755,B
2017-04-27 10:00:14.972,XYZ,186.66,83.3442,B
2017-04-27 10:16:54.830,XYZ,172.833,28.7557,B
2017-04-27 10:33:20.000,XYZ,164.484,86.1137,A
2017-04-27 10:50:00.000,XYZ,165.266,28.4348,A
2017-04-27 11:06:40.000,XYZ,130.06,81.7757,A
2017-04-27 11:23:34.951,XYZ,137.97,58.1664,B
2017-04-27 11:40:15.091,XYZ,127.239,60.9647,B
2017-04-27 11:56:40.000,XYZ,156.924,52.1791,A
2017-04-27 12:13:20.000,XYZ,118.101,84.5851,A
2017-04-27 12:30:15.064,XYZ,119.822,54.7333,B
2017-04-27 12:46:54.996,XYZ,136.66,92.5578,B
2017-04-27 13:03:20.000,XYZ,133.278,3.53728,A
2017-04-27 13:20:00.000,XYZ,158.399,25.2663,A
2017-04-27 13:36:40.000,XYZ,180.158,26.731,A
2017-04-27 13:53:35.000,XYZ,152.712,65.2665,B
2017-04-27 14:10:00.000,XYZ,131.516,18.3462,A
2017-04-27 14:26:40.000,XYZ,130.367,45.1612,A
2017-04-27 14:43:20.000,XYZ,151.526,43.4041,A
2017-04-27 15:00:14.996,XYZ,152.969,34.3492,B
2017-04-27 15:16:55.065,XYZ,195.318,33.2352,B
2017-04-27 15:33:35.038,XYZ,166.873,7.1111,B
2017-04-27 15:50:00.000,XYZ,143.766,62.7968,A
2017-04-27 16:06:40.000,XYZ,106.405,21.1919,A
2017-04-27 16:23:34.884,XYZ,105.276,42.2984,B
2017-04-27 16:40:15.093,XYZ,184.729,13.2168,B
2017-04-27 16:56:40.000,XYZ,174.824,12.5334,A
2017-04-27 17:13:20.000,XYZ,191.33,4.67944,A
2017-04-27 17:30:00.000,XYZ,196.631,3.73354,A
2017-04-27 17:46:40.000,XYZ,106.195,32.4908,A
2017-04-27 18:03:34.931,XYZ,103.877,73.5119,B
2017-04-27 18:20:14.975,XYZ,183.2,46.1687,B
2017-04-27 18:36:55.083,XYZ,179.613,91.7432,B
2017-04-27 18:53:34.874,XYZ,140.876,61.5372,B
2017-04-27 19:10:00.000,XYZ,128.035,31.5672,A
2017-04-27 19:26:55.113,XYZ,110.803,98.0121,B
2017-04-27 19:43:20.000,XYZ,171.889,84.19,A
2017-04-27 20:00:15.043,XYZ,186.209,90.9123,B
2017-04-27 20:16:40.000,XYZ,108.892,71.4885,A
2017-04-27 20:33:35.052,XYZ,169.872,15.47,B
2017-04-27 20:50:14.922,XYZ,189.098,15.4879,B
2017-04-27 21:06:40.000,XYZ,144.636,80.6487,A
2017-04-27 21:23:20.000,XYZ,197.777,50.3571,A
2017-04-27 21:40:00.000,XYZ,108.838,71.4741,A
2017-04-27 21:56:40.000,XYZ,170.819,79.6181,A
2017-04-27 22:13:35.186,XYZ,163.336,39.1062,B
2017-04-27 22:30:14.832,XYZ,142.218,8.12918,B
2017-04-27 22:46:40.000,XYZ,195.717,90.5307,A
2017-04-27 23:03:20.000,XYZ,104.945,83.4911,A
2017-04-27 23:20:15.109,XYZ,118.316,97.3395,B
2017-04-27 23:36:40.000,XYZ,165.967,94.8778,A
2017-04-27 23:53:20.000,XYZ,162.981,18.6727,A
2017-04-28 00:10:00.000,XYZ,132.877,62.3433,A
2017-04-28 00:26:54.949,XYZ,147.671,4.91924,B
2017-04-28 00:43:35.125,XYZ,108.501,58.2299,B
2017-04-28 01:00:15.092,XYZ,199.425,53.7963,B
2017-04-28 01:16:55.087,XYZ,137.905,33.7537,B
2017-04-28 01:33:20.000,XYZ,102.973,13.0672,A
2017-04-28 01:50:14.945,XYZ,159.744,67.0932,B
2017-04-28 02:06:40.000,XYZ,115.402,70.085,A
2017-04-28 02:23:35.030,XYZ,144.211,2.77641,B
2017-04-28 02:40:00.000,XYZ,108.88,56.6079,A
2017-04-28 02:56:54.950,XYZ,109.9,72.0061,B
2017-04-28 03:13:20.000,XYZ,100.21,5.29724,A
2017-04-28 03:30:14.947,XYZ,161.421,54.0916,B
2017-04-28 03:46:55.085,XYZ,132.67,68.1694,B
2017-04-28 04:03:34.951,XYZ,126.149,40.9049,B
2017-04-28 04:20:00.000,XYZ,130.883,35.2296,A
2017-04-28 04:36:40.000,XYZ,183.475,41.0318,A
2017-04-28 04:53:34.854,XYZ,199.854,59.6233,B
2017-04-28 05:10:00.000,XYZ,165.951,69.6473,A
2017-04-28 05:26:55.094,XYZ,190.535,53.5009,B
2017-04-28 05:43:20.000,XYZ,150.518,49.6904,A
2017-04-28 06:00:00.000,XYZ,153.567,34.4508,A
2017-04-28 06:16:54.935,XYZ,145.894,62.8447,B
2017-04-28 06:33:20.000,XYZ,194.104,13.0073,A
2017-04-28 06:50:00.000,XYZ,166.272,66.1701,A
2017-04-28 07:06:54.925,XYZ,183.179,79.2719,B
2017-04-28 07:23:35.100,XYZ,105.828,23.1019,B
2017-04-28 07:40:14.913,XYZ,184.262,49.2509,B
2017-04-28 07:56:54.978,XYZ,119.848,83.4628,B
2017-04-28 08:13:20.000,XYZ,185.732,96.6836,A
2017-04-28 08:30:00.000,XYZ,118.597,12.5553,A
2017-04-28 08:46:40.000,XYZ,155.968,42.8759,A
2017-04-28 09:03:20.000,XYZ,176.229,55.4135,A
2017-04-28 09:20:15.011,XYZ,115.316,73.2599,B
2017-04-28 09:36:55.104,XYZ,166.023,21.152,B
2017-04-28 09:53:34.947,XYZ,197.534,87.5747,B
2017-04-28 10:10:14.903,XYZ,100.364,77.9876,B
2017-04-28 10:26:40.000,XYZ,133.961,73.7723,A
2017-04-28 10:43:20.000,XYZ,136.169,36.088,A
2017-04-28 11:00:15.057,XYZ,168.873,15.2481,B
2017-04-28 11:16:40.000,XYZ,165.031,99.2374,A
2017-04-28 11:33:20.000,XYZ,183.051,47.0516,A
2017-04-28 11:50:00.000,XYZ,111.598,89.1194,A
2017-04-28 12:06:40.000,XYZ,185.896,8.10622,A
2017-04-28 12:23:20.000,XYZ,127.348,31.5176,A
2017-04-28 12:40:14.937,XYZ,193.907,63.6708,B
2017-04-28 12:56:40.000,XYZ,193.532,53.9671,A
2017-04-28 13:13:35.008,XYZ,145.915,11.838,B
2017-04-28 13:30:14.977,XYZ,121.466,37.8814,B
2017-04-28 13:46:40.000,XYZ,103.031,55.9385,A
2017-04-28 14:03:34.966,XYZ,174.513,79.6994,B
2017-04-28 14:20:00.000,XYZ,160.024,18.3333,A
2017-04-28 14:36:40.000,XYZ,176.947,57.2422,A
2017-04-28 14:53:34.914,XYZ,183.669,39.5199,B
2017-04-28 15:10:14.998,XYZ,160.506,21.4465,B
2017-04-28 15:26:55.034,XYZ,102.69,66.0043,B
2017-04-28 15:43:20.000,XYZ,115.797,89.5941,A
2017-04-28 16:00:00.000,XYZ,117.933,21.849,A
2017-04-28 16:16:55.053,XYZ,148.174,70.7799,B
2017-04-28 16:33:20.000,XYZ,128.029,1.94245,A
2017-04-28 16:50:00.000,XYZ,144.889,98.2002,A
2017-04-28 17:06:54.931,XYZ,157.069,15.6881,B
2017-04-28 17:23:35.151,XYZ,152.062,74.1154,B
2017-04-28 17:40:14.995,XYZ,179.861,68.9294,B
2017-04-28 17:56:55.050,XYZ,106.607,24.0395,B
2017-04-28 18:13:35.177,XYZ,179.658,38.684,B
2017-04-28 18:30:14.900,XYZ,153.659,21.6217,B
2017-04-28 18:46:40.000,XYZ,123.445,78.8235,A
2017-04-28 19:03:20.000,XYZ,147.49,77.5225,A
2017-04-28 19:20:00.000,XYZ,168.467,3.20302,A
2017-04-28 19:36:40.000,XYZ,102.873,85.2273,A
2017-04-28 19:53:35.030,XYZ,133.915,30.4564,B
2017-04-28 20:10:14.901,XYZ,188.79,22.8156,B
2017-04-28 20:26:54.983,XYZ,173.166,9.15386,B
2017-04-28 20:43:35.085,XYZ,193.062,56.6598,B
2017-04-28 21:00:00.000,XYZ,115.911,85.9429,A
2017-04-28 21:16:55.160,XYZ,134.098,9.79355,B
2017-04-28 21:33:35.041,XYZ,101.82,74.8019,B
2017-04-28 21:50:15.001,XYZ,154.686,68.5955,B
2017-04-28 22:06:55.031,XYZ,183.883,45.3552,B
2017-04-28 22:23:34.833,XYZ,177.176,28.141,B
2017-04-28 22:40:15.084,XYZ,140.097,87.1061,B
2017-04-28 22:56:40.000,XYZ,174.906,42.4702,A
2017-04-28 23:13:20.000,XYZ,182.745,17.3644,A
2017-04-28 23:30:00.000,XYZ,137.202,36.3252,A
2017-04-28 23:46:40.000,XYZ,119.746,35.867,A
2017-04-29 00:03:20.000,XYZ,187.582,41.4581,A
2017-04-29 00:20:00.000,XYZ,142.647,8.41982,A
2017-04-29 00:36:40.000,XYZ,176.214,70.5995,A
2017-04-29 00:53:34.926,XYZ,172.821,2.74846,B
2017-04-29 01:10:00.000,XYZ,190.7,44.4555,A
2017-04-29 01:26:54.965,XYZ,160.396,92.6547,B
2017-04-29 01:43:35.012,XYZ,154.305,9.1313,B
2017-04-29 02:00:00.000,XYZ,146.745,89.9281,A
2017-04-29 02:16:40.000,XYZ,108.957,66.851,A
2017-04-29 02:33:35.089,XYZ,173.259,84.8586,B
2017-04-29 02:50:15.090,XYZ,177.914,42.8397,B
2017-04-29 03:06:55.019,XYZ,180.974,69.4145,B
2017-04-29 03:23:35.204,XYZ,111.033,10.4149,B
2017-04-29 03:40:00.000,XYZ,150.905,33.3861,A
2017-04-29 03:56:54.997,XYZ,186.397,51.9629,B
2017-04-29 04:13:35.045,XYZ,111.642,17.3934,B
2017-04-29 04:30:00.000,XYZ,101.581,91.551,A
2017-04-29 04:46:54.881,XYZ,112.475,14.9769,B
2017-04-29 05:03:35.104,XYZ,196.755,35.051,B
2017-04-29 05:20:14.979,XYZ,117.768,43.6544,B
2017-04-29 05:36:40.000,XYZ,166.013,24.9283,A
2017-04-29 05:53:20.000,XYZ,117.719,13.6765,A
2017-04-29 06:10:00.000,XYZ,185.279,85.3983,A
2017-04-29 06:26:40.000,XYZ,138.485,40.098,A
2017-04-29 06:43:20.000,XYZ,179.586,33.8542,A
2017-04-29 07:00:14.877,XYZ,189.783,3.90471,B
2017-04-29 07:16:55.271,XYZ,140.412,30.5658,B
2017-04-29 07:33:20.000,XYZ,147.973,87.6951,A
2017-04-29 07:50:00.000,XYZ,144.552,30.9378,A
2017-04-29 08:06:54.966,XYZ,175.363,67.9877,B
2017-04-29 08:23:34.992,XYZ,186.267,92.0953,B
2017-04-29 08:40:00.000,XYZ,194.444,37.2129,A
2017-04-29 08:56:40.000,XYZ,183.358,61.5439,A
2017-04-29 09:13:34.963,XYZ,140.575,97.398,B
2017-04-29 09:30:15.027,XYZ,164.61,81.3204,B
2017-04-29 09:46:54.805,XYZ,109.408,91.3447,B
2017-04-29 10:03:20.000,XYZ,159.675,42.9346,A
2017-04-29 10:20:00.000,XYZ,197.683,21.7235,A
2017-04-29 10:36:54.950,XYZ,152.741,55.1914,B
2017-04-29 10:53:20.000,XYZ,148.036,48.9002,A
2017-04-29 11:10:14.927,XYZ,142.98,70.1187,B
2017-04-29 11:26:54.809,XYZ,160.85,96.6942,B
2017-04-29 11:43:35.053,XYZ,133.277,32.9658,B
2017-04-29 12:00:00.000,XYZ,178.766,51.0653,A
2017-04-29 12:16:40.000,XYZ,169.256,77.4391,A
2017-04-29 12:33:20.000,XYZ,153.478,77.9492,A
2017-04-29 12:50:15.115,XYZ,133.824,71.7941,B
2017-04-29 13:06:40.000,XYZ,160.268,32.28,A
2017-04-29 13:23:35.061,XYZ,128.871,67.7144,B
2017-04-29 13:40:00.000,XYZ,135.054,94.8397,A
2017-04-29 13:56:54.991,XYZ,156.457,32.7863,B
2017-04-29 14:13:35.104,XYZ,104.62,97.9312,B
2017-04-29 14:30:15.077,XYZ,126.959,88.9351,B
2017-04-29 14:46:55.088,XYZ,107.334,93.0381,B
2017-04-29 15:03:20.000,XYZ,191.69,96.4744,A
2017-04-29 15:20:14.998,XYZ,164.568,57.3567,B
2017-04-29 15:36:40.000,XYZ,150.432,73.1328,A
2017-04-29 15:53:20.000,XYZ,183.629,23.5763,A
2017-04-29 16:10:00.000,XYZ,107.853,95.5518,A
2017-04-29 16:26:54.939,XYZ,119.403,99.2155,B
2017-04-29 16:43:20.000,XYZ,179.031,50.0363,A
2017-04-29 17:00:00.000,XYZ,154.41,13.3328,A
2017-04-29 17:16:55.131,XYZ,125.101,32.956,B
2017-04-29 17:33:34.887,XYZ,147.564,77.6304,B
2017-04-29 17:50:15.089,XYZ,154.948,75.3591,B
2017-04-29 18:06:40.000,XYZ,123.217,33.3542,A
2017-04-29 18:23:34.957,XYZ,153.263,44.58,B
2017-04-29 18:40:00.000,XYZ,106.238,62.0541,A
2017-04-29 18:56:55.002,XYZ,186.694,1.37992,B
2017-04-29 19:13:20.000,XYZ,175.547,53.8377,A
2017-04-29 19:30:00.000,XYZ,128.002,3.2516,A
2017-04-29 19:46:55.114,XYZ,121.972,36.2587,B
2017-04-29 20:03:20.000,XYZ,114.544,92.0066,A
2017-04-29 20:20:00.000,XYZ,113.897,11.2816,A
2017-04-29 20:36:40.000,XYZ,147.872,84.6949,A
2017-04-29 20:53:35.130,XYZ,123.514,69.2831,B
2017-04-29 21:10:15.002,XYZ,173.29,97.9041,B
2017-04-29 21:26:54.935,XYZ,169.736,93.6642,B
2017-04-29 21:43:20.000,XYZ,165.501,74.5461,A
2017-04-29 22:00:00.000,XYZ,120.029,54.3189,A
2017-04-29 22:16:54.967,XYZ,174.807,10.5325,B
2017-04-29 22:33:20.000,XYZ,103.77,28.3022,A
2017-04-29 22:50:00.000,XYZ,137.189,69.8684,A
2017-04-29 23:06:40.000,XYZ,112.244,18.5194,A
2017-04-29 23:23:35.021,XYZ,110.928,4.77364,B
2017-04-29 23:40:00.000,XYZ,155.459,24.5303,A
2017-04-29 23:56:55.014,XYZ,186.611,92.1104,B
2017-04-30 00:13:34.894,XYZ,178.232,91.7233,B
2017-04-30 00:30:14.931,XYZ,110.295,71.8903,B
2017-04-30 00:46:40.000,XYZ,181.792,74.1218,A
2017-04-30 01:03:35.043,XYZ,179.504,25.6251,B
2017-04-30 01:20:15.185,XYZ,199.019,34.0733,B
2017-04-30 01:36:40.000,XYZ,143.796,33.6319,A
2017-04-30 01:53:20.000,XYZ,196.011,95.9636,A
2017-04-30 02:10:15.134,XYZ,163.211,12.5161,B
2017-04-30 02:26:40.000,XYZ,173.644,2.65428,A
2017-04-30 02:43:35.101,XYZ,173.333,95.9958,B
2017-04-30 03:00:14.871,XYZ,155.395,8.25459,B
2017-04-30 03:16:54.806,XYZ,198.018,93.6042,B
2017-04-30 03:33:34.996,XYZ,159.768,5.83871,B
2017-04-30 03:50:00.000,XYZ,192.602,21.1783,A
2017-04-30 04:06:54.921,XYZ,188.69,22.8586,B
2017-04-30 04:23:20.000,XYZ,163.465,68.0894,A
2017-04-30 04:40:00.000,XYZ,124.442,85.1656,A
2017-04-30 04:56:54.997,XYZ,138.638,87.1859,B
2017-04-30 05:13:34.949,XYZ,177.748,91.4448,B
2017-04-30 05:30:00.000,XYZ,149.345,94.9586,A
2017-04-30 05:46:54.982,XYZ,153.311,72.7055,B
2017-04-30 06:03:20.000,XYZ,172.803,26.2173,A
2017-04-30 06:20:14.891,XYZ,115.567,81.6059,B
2017-04-30 06:36:40.000,XYZ,122.454,6.77755,A
2017-04-30 06:53:20.000,XYZ,184.223,6.77144,A
2017-04-30 07:10:14.877,XYZ,102.611,3.63955,B
2017-04-30 07:26:40.000,XYZ,160.19,53.9159,A
2017-04-30 07:43:20.000,XYZ,194.45,47.6042,A
2017-04-30 08:00:00.000,XYZ,112.666,16.829,A
2017-04-30 08:16:40.000,XYZ,145.195,34.3748,A
2017-04-30 08:33:20.000,XYZ,142.035,6.22878,A
2017-04-30 08:50:00.000,XYZ,127.623,18.4565,A
2017-04-30 09:06:40.000,XYZ,168.173,34.4172,A
2017-04-30 09:23:34.882,XYZ,179.566,78.7916,B
2017-04-30 09:40:00.000,XYZ,136.051,19.4808,A
2017-04-30 09:56:55.050,XYZ,192.118,23.6334,B
2017-04-30 10:13:35.154,XYZ,100.996,74.0837,B
2017-04-30 10:30:15.012,XYZ,137.754,62.8736,B
2017-04-30 10:46:54.851,XYZ,169.598,9.99277,B
2017-04-30 11:03:20.000,XYZ,188.65,99.6904,A
2017-04-30 11:20:15.039,XYZ,129.969,39.0665,B
2017-04-30 11:36:40.000,XYZ,150,17.5367,A
2017-04-30 11:53:20.000,XYZ,183.483,21.6326,A
2017-04-30 12:10:15.086,XYZ,185.019,4.39903,B
2017-04-30 12:26:55.027,XYZ,108.127,68.9507,B
2017-04-30 12:43:20.000,XYZ,132.771,35.9271,A
2017-04-30 13:00:14.910,XYZ,147.644,10.3324,B
2017-04-30 13:16:54.979,XYZ,134.536,57.5316,B
2017-04-30 13:33:20.000,XYZ,189.858,89.0483,A
2017-04-30 13:50:00.000,XYZ,187.613,30.4043,A
2017-04-30 14:06:40.000,XYZ,189.3,66.8193,A
2017-04-30 14:23:20.000,XYZ,165.132,52.9652,A
2017-04-30 14:40:14.901,XYZ,155.699,18.2317,B
2017-04-30 14:56:54.918,XYZ,144.106,35.7763,B
2017-04-30 15:13:35.315,XYZ,167.95,66.4379,B
2017-04-30 15:30:15.137,XYZ,113.058,30.8059,B
2017-04-30 15:46:40.000,XYZ,128.685,16.6955,A
2017-04-30 16:03:20.000,XYZ,198.004,44.0025,A
2017-04-30 16:20:00.000,XYZ,150.485,63.9095,A
2017-04-30 16:36:54.890,XYZ,192.909,44.8181,B
2017-04-30 16:53:35.139,XYZ,103.368,51.6474,B
2017-04-30 17:10:15.090,XYZ,106.207,66.201,B
2017-04-30 17:26:54.995,XYZ,134.062,17.2981,B
2017-04-30 17:43:20.000,XYZ,117.786,4.22618,A
2017-04-30 18:00:00.000,XYZ,126.433,17.8477,A
2017-04-30 18:16:40.000,XYZ,156.813,82.7964,A
2017-04-30 18:33:20.000,XYZ,176.516,82.1677,A
2017-04-30 18:50:15.190,XYZ,173.989,17.4295,B
2017-04-30 19:06:54.922,XYZ,192.223,3.74699,B
2017-04-30 19:23:35.087,XYZ,198.542,68.729,B
2017-04-30 19:40:00.000,XYZ,105.853,91.5954,A
2017-04-30 19:56:54.938,XYZ,124.003,25.5315,B
2017-04-30 20:13:20.000,XYZ,110.844,70.1265,A
2017-04-30 20:30:14.940,XYZ,117.515,35.4072,B
2017-04-30 20:46:40.000,XYZ,132.896,80.5749,A
2017-04-30 21:03:34.950,XYZ,153.124,5.84849,B
2017-04-30 21:20:00.000,XYZ,116.02,3.64893,A
2017-04-30 21:36:40.000,XYZ,171.751,34.5118,A
2017-04-30 21:53:20.000,XYZ,107.704,49.9876,A
2017-04-30 22:10:14.940,XYZ,193.089,69.7939,B
2017-04-30 22:26:54.971,XYZ,186.602,39.3798,B
2017-04-30 22:43:35.070,XYZ,150.384,79.443,B
2017-04-30 23:00:00.000,XYZ,129.02,20.533,A
2017-04-30 23:16:55.085,XYZ,141.838,70.3652,B
2017-04-30 23:33:34.765,XYZ,189.868,14.4469,B
2017-04-30 23:50:00.000,XYZ,104.474,76.5714,A
2017-05-01 00:06:55.083,XYZ,157.711,14.0637,B
2017-05-01 00:23:35.063,XYZ,179.584,94.273,B
2017-05-01 00:40:00.000,XYZ,177.611,77.3407,A
2017-05-01 00:56:40.000,XYZ,147.652,49.3777,A
2017-05-01 01:13:20.000,XYZ,191.299,43.981,A
2017-05-01 01:30:14.964,XYZ,106.453,67.8785,B
2017-05-01 01:46:55.096,XYZ,124.896,9.90865,B
2017-05-01 02:03:35.003,XYZ,147.974,4.0338,B
2017-05-01 02:20:15.055,XYZ,107.88,18.2759,B
2017-05-01 02:36:55.090,XYZ,195.629,16.6783,B
2017-05-01 02:53:20.000,XYZ,164.759,74.3175,A
2017-05-01 03:10:14.979,XYZ,101.827,13.4924,B
2017-05-01 03:26:40.000,XYZ,112.226,99.9209,A
2017-05-01 03:43:35.022,XYZ,170.224,35.8652,B
2017-05-01 04:00:00.000,XYZ,170.364,5.69322,A
2017-05-01 04:16:55.009,XYZ,173.597,21.0362,B
2017-05-01 04:33:20.000,XYZ,119.443,66.4296,A
2017-05-01 04:50:00.000,XYZ,105.604,43.4761,A
2017-05-01 05:06:55.147,XYZ,129.481,8.15302,B
2017-05-01 05:23:34.933,XYZ,125.578,20.9663,B
2017-05-01 05:40:00.000,XYZ,145.798,56.4352,A
2017-05-01 05:56:40.000,XYZ,179.426,28.44,A
2017-05-01 06:13:34.973,XYZ,145.576,40.5207,B
2017-05-01 06:30:15.051,XYZ,133.784,77.3079,B
2017-05-01 06:46:40.000,XYZ,196.627,55.3687,A
2017-05-01 07:03:20.000,XYZ,144.141,55.8236,A
2017-05-01 07:20:14.991,XYZ,176.492,22.4068,B
2017-05-01 07:36:55.056,XYZ,156.207,31.6911,B
2017-05-01 07:53:20.000,XYZ,127.114,4.29477,A
2017-05-01 08:10:14.996,XYZ,164.678,13.6788,B
2017-05-01 08:26:40.000,XYZ,139.301,7.08206,A
2017-05-01 08:43:20.000,XYZ,107.656,98.0409,A
2017-05-01 09:00:00.000,XYZ,133.287,36.207,A
2017-05-01 09:16:40.000,XYZ,150.2,73.8186,A
2017-05-01 09:33:20.000,XYZ,114.973,47.1128,A
2017-05-01 09:50:14.910,XYZ,195.212,21.9445,B
2017-05-01 10:06:55.001,XYZ,184.205,43.9818,B
2017-05-01 10:23:35.177,XYZ,144.914,71.4448,B
2017-05-01 10:40:00.000,XYZ,131.193,12.3166,A
2017-05-01 10:56:54.750,XYZ,132.258,77.373,B
2017-05-01 11:13:35.068,XYZ,131.916,14.0313,B
2017-05-01 11:30:00.000,XYZ,105.697,17.4232,A
2017-05-01 11:46:54.975,XYZ,164.052,42.6874,B
2017-05-01 12:03:35.266,XYZ,151.431,34.6326,B
2017-05-01 12:20:14.879,XYZ,188.275,2.36575,B
2017-05-01 12:36:54.878,XYZ,168.013,73.2542,B
2017-05-01 12:53:34.949,XYZ,118.949,69.5722,B
2017-05-01 13:10:14.902,XYZ,107.367,19.2163,B
2017-05-01 13:26:40.000,XYZ,124.136,56.3781,A
2017-05-01 13:43:20.000,XYZ,149.704,92.5723,A
2017-05-01 14:00:15.174,XYZ,139.356,48.5055,B
2017-05-01 14:16:55.107,XYZ,139.91,42.0367,B
2017-05-01 14:33:20.000,XYZ,106.854,9.5974,A
2017-05-01 14:50:00.000,XYZ,185.287,90.9098,A
2017-05-01 15:06:55.092,XYZ,138.729,1.61528,B
2017-05-01 15:23:34.972,XYZ,141.381,75.8331,B
2017-05-01 15:40:15.044,XYZ,165.458,14.3075,B
2017-05-01 15:56:54.880,XYZ,146.667,60.5852,B
2017-05-01 16:13:20.000,XYZ,186.335,76.2948,A
2017-05-01 16:30:14.910,XYZ,104.823,85.9145,B
2017-05-01 16:46:55.065,XYZ,113.033,88.0899,B
2017-05-01 17:03:20.000,XYZ,177.636,8.32988,A
2017-05-01 17:20:00.000,XYZ,118.66,93.8484,A
2017-05-01 17:36:40.000,XYZ,148.393,74.6905,A
2017-05-01 17:53:34.828,XYZ,156.205,75.2628,B
2017-05-01 18:10:00.000,XYZ,182.184,36.6775,A
2017-05-01 18:26:55.012,XYZ,151.888,54.4298,B
2017-05-01 18:43:34.703,XYZ,160.32,72.3823,B
2017-05-01 19:00:15.003,XYZ,179.3,8.15746,B
2017-05-01 19:16:40.000,XYZ,114.457,98.6296,A
2017-05-01 19:33:20.000,XYZ,167.492,9.98592,A
2017-05-01 19:50:00.000,XYZ,190.29,69.9708,A
2017-05-01 20:06:55.038,XYZ,164.887,66.075,B
2017-05-01 20:23:34.918,XYZ,167.013,80.1487,B
2017-05-01 20:40:00.000,XYZ,184.693,10.4326,A
2017-05-01 20:56:54.921,XYZ,126.044,98.9329,B
2017-05-01 21:13:20.000,XYZ,190.077,23.6584,A
2017-05-01 21:30:00.000,XYZ,160.032,34.2313,A
2017-05-01 21:46:40.000,XYZ,136.543,72.1555,A
2017-05-01 22:03:35.087,XYZ,144.115,54.0029,B
2017-05-01 22:20:00.000,XYZ,156.134,69.7188,A
2017-05-01 22:36:55.003,XYZ,160.805,42.4152,B
2017-05-01 22:53:20.000,XYZ,184.884,56.9604,A
2017-05-01 23:10:14.968,XYZ,197.573,48.7356,B
2017-05-01 23:26:40.000,XYZ,155.221,97.5588,A
2017-05-01 23:43:35.041,XYZ,143.613,38.6967,B
2017-05-02 00:00:00.000,XYZ,162.467,64.5256,A
2017-04-20 10:30:01.000,XYZ,138.091,12.0363,A
2017-04-20 10:46:55.995,XYZ,190.293,82.3938,B
2017-04-20 11:03:36.090,XYZ,135.437,45.4045,B
2017-04-20 11:20:15.878,XYZ,189.803,43.1632,B
2017-04-20 11:36:55.952,XYZ,154.51,97.5123,B
2017-04-20 11:53:21.000,XYZ,138.26,53.5856,A
2017-04-20 12:10:01.000,XYZ,144.741,99.9665,A
2017-04-20 12:26:41.000,XYZ,183.142,46.6117,A
2017-04-20 12:43:35.871,XYZ,150.782,43.2003,B
2017-04-20 13:00:01.000,XYZ,171.304,66.2431,A
2017-04-20 13:16:41.000,XYZ,116.58,73.1106,A
2017-04-20 13:33:21.000,XYZ,143.142,80.9234,A
2017-04-20 13:50:15.896,XYZ,195.728,98.0768,B
2017-04-20 14:06:55.897,XYZ,189.383,12.4754,B
2017-04-20 14:23:36.111,XYZ,165.934,67.0151,B
2017-04-20 14:40:01.000,XYZ,192.715,91.7442,A
2017-04-20 14:56:41.000,XYZ,199.956,5.00883,A
2017-04-20 15:13:21.000,XYZ,134.272,37.8774,A
2017-04-20 15:30:16.007,XYZ,126.739,89.5608,B
2017-04-20 15:46:56.066,XYZ,133.928,54.2638,B
2017-04-20 16:03:21.000,XYZ,175.935,54.4832,A
2017-04-20 16:20:01.000,XYZ,195.428,84.4157,A
2017-04-20 16:36:41.000,XYZ,146.984,85.8532,A
2017-04-20 16:53:21.000,XYZ,119.768,57.7297,A
2017-04-20 17:10:16.034,XYZ,139.211,83.8766,B
2017-04-20 17:26:41.000,XYZ,195.119,31.3666,A
2017-04-20 17:43:35.867,XYZ,151.334,2.85583,B
2017-04-20 18:00:16.312,XYZ,115.999,95.4894,B
2017-04-20 18:16:55.971,XYZ,116.782,11.9896,B
2017-04-20 18:33:21.000,XYZ,164.89,22.4335,A
2017-04-20 18:50:01.000,XYZ,199.846,55.5077,A
2017-04-20 19:06:55.891,XYZ,142.188,57.8976,B
2017-04-20 19:23:21.000,XYZ,172.584,57.1573,A
2017-04-20 19:40:01.000,XYZ,116.058,33.8118,A
2017-04-20 19:56:56.028,XYZ,194.461,97.0961,B
2017-04-20 20:13:36.219,XYZ,117.789,51.6915,B
2017-04-20 20:30:01.000,XYZ,193.553,15.2492,A
2017-04-20 20:46:41.000,XYZ,125.981,25.7912,A
2017-04-20 21:03:21.000,XYZ,158.25,72.7171,A
2017-04-20 21:20:01.000,XYZ,185.186,57.067,A
2017-04-20 21:36:41.000,XYZ,158.723,56.1605,A
2017-04-20 21:53:21.000,XYZ,166.439,37.2054,A
2017-04-20 22:10:01.000,XYZ,109.894,39.6863,A
2017-04-20 22:26:41.000,XYZ,131.543,53.7302,A
2017-04-20 22:43:21.000,XYZ,166.936,55.6884,A
2017-04-20 23:00:15.987,XYZ,196.62,94.8605,B
2017-04-20 23:16:41.000,XYZ,179.612,6.58762,A
2017-04-20 23:33:35.895,XYZ,126.327,5.0873,B
2017-04-20 23:50:01.000,XYZ,178.737,62.9439,A
2017-04-21 00:06:56.042,XYZ,165.324,75.0819,B
2017-04-21 00:23:36.011,XYZ,148.133,68.8609,B
2017-04-21 00:40:16.007,XYZ,176.455,7.71308,B
2017-04-21 00:56:55.939,XYZ,130.245,67.1598,B
2017-04-21 01:13:35.970,XYZ,164.118,17.5661,B
2017-04-21 01:30:15.829,XYZ,171.116,54.3918,B
2017-04-21 01:46:56.033,XYZ,100.48,55.8574,B
2017-04-21 02:03:36.073,XYZ,135.225,72.7117,B
2017-04-21 02:20:01.000,XYZ,168.958,79.9646,A
2017-04-21 02:36:41.000,XYZ,104.879,9.06689,A
2017-04-21 02:53:21.000,XYZ,168.059,48.2995,A
2017-04-21 03:10:01.000,XYZ,149.559,62.1839,A
2017-04-21 03:26:55.935,XYZ,104.893,24.7945,B
2017-04-21 03:43:35.940,XYZ,142.92,6.78829,B
2017-04-21 04:00:16.002,XYZ,137.545,38.3519,B
2017-04-21 04:16:41.000,XYZ,194.077,33.1236,A
2017-04-21 04:33:21.000,XYZ,158.855,50.0954,A
2017-04-21 04:50:01.000,XYZ,110.726,72.5401,A
2017-04-21 05:06:56.057,XYZ,165.866,98.9661,B
2017-04-21 05:23:36.133,XYZ,154.539,15.9414,B
2017-04-21 05:40:01.000,XYZ,198.231,69.1794,A
2017-04-21 05:56:55.898,XYZ,168.704,5.16859,B
2017-04-21 06:13:36.069,XYZ,158.517,79.2967,B
2017-04-21 06:30:15.828,XYZ,176.192,98.4951,B
2017-04-21 06:46:56.004,XYZ,169.09,95.8968,B
2017-04-21 07:03:35.964,XYZ,108.674,96.6093,B
2017-04-21 07:20:01.000,XYZ,123.883,1.70341,A
2017-04-21 07:36:56.130,XYZ,196.088,73.4712,B
2017-04-21 07:53:36.050,XYZ,107.152,50.8563,B
2017-04-21 08:10:01.000,XYZ,118.006,23.0556,A
2017-04-21 08:26:41.000,XYZ,170.491,96.8576,A
2017-04-21 08:43:36.024,XYZ,113.568,97.6212,B
2017-04-21 09:00:01.000,XYZ,163.965,60.4588,A
2017-04-21 09:16:56.095,XYZ,155.203,96.4252,B
2017-04-21 09:33:35.968,XYZ,157.519,49.5499,B
2017-04-21 09:50:01.000,XYZ,177.779,34.2383,A
2017-04-21 10:06:41.000,XYZ,113.759,96.4669,A
2017-04-21 10:23:36.078,XYZ,169.604,16.133,B
2017-04-21 10:40:01.000,XYZ,106.696,9.53891,A
2017-04-21 10:56:41.000,XYZ,182.954,90.7204,A
2017-04-21 11:13:21.000,XYZ,147.474,75.4322,A
2017-04-21 11:30:01.000,XYZ,162.828,38.9355,A
2017-04-21 11:46:41.000,XYZ,189.56,68.2342,A
2017-04-21 12:03:21.000,XYZ,150.256,57.2567,A
2017-04-21 12:20:16.057,XYZ,147.083,83.5691,B
2017-04-21 12:36:56.006,XYZ,131.426,99.096,B
2017-04-21 12:53:21.000,XYZ,178.971,24.6085,A
2017-04-21 13:10:01.000,XYZ,164.16,67.4236,A
2017-04-21 13:26:55.945,XYZ,134.821,27.9234,B
2017-04-21 13:43:35.845,XYZ,126.585,45.8086,B
2017-04-21 14:00:15.877,XYZ,100.732,17.0405,B
2017-04-21 14:16:55.962,XYZ,191.203,81.3335,B
2017-04-21 14:33:36.093,XYZ,127.331,63.0303,B
2017-04-21 14:50:01.000,XYZ,139.018,68.6654,A
2017-04-21 15:06:55.973,XYZ,138.06,82.306,B
2017-04-21 15:23:21.000,XYZ,118.767,53.4009,A
2017-04-21 15:40:01.000,XYZ,142.667,88.9458,A
2017-04-21 15:56:41.000,XYZ,153.109,95.3461,A
2017-04-21 16:13:36.039,XYZ,108.087,58.5378,B
2017-04-21 16:30:15.971,XYZ,152.226,45.0417,B
2017-04-21 16:46:41.000,XYZ,182.054,9.27481,A
2017-04-21 17:03:36.008,XYZ,162.713,32.6373,B
2017-04-21 17:20:01.000,XYZ,173.075,82.9868,A
2017-04-21 17:36:56.048,XYZ,176.857,83.2961,B
2017-04-21 17:53:36.126,XYZ,179.415,36.7594,B
2017-04-21 18:10:01.000,XYZ,127.368,80.2738,A
2017-04-21 18:26:56.117,XYZ,108.205,47.4783,B
2017-04-21 18:43:35.963,XYZ,169.868,28.9556,B
2017-04-21 19:00:01.000,XYZ,197.72,94.0116,A
2017-04-21 19:16:56.036,XYZ,175.998,25.0331,B
2017-04-21 19:33:35.991,XYZ,127.753,62.0417,B
2017-04-21 19:50:15.945,XYZ,172.483,48.6857,B
2017-04-21 20:06:55.951,XYZ,165.232,72.2539,B
2017-04-21 20:23:21.000,XYZ,163.616,65.6009,A
2017-04-21 20:40:01.000,XYZ,161.981,13.6254,A
2017-04-21 20:56:41.000,XYZ,127.88,69.494,A
2017-04-21 21:13:36.176,XYZ,181.599,67.9495,B
2017-04-21 21:30:01.000,XYZ,119.863,96.9874,A
2017-04-21 21:46:56.138,XYZ,177.636,92.5583,B
2017-04-21 22:03:21.000,XYZ,196.841,78.4634,A
2017-04-21 22:20:01.000,XYZ,160.884,19.8244,A
2017-04-21 22:36:41.000,XYZ,195.048,16.8499,A
2017-04-21 22:53:36.102,XYZ,163.448,90.3564,B
2017-04-21 23:10:01.000,XYZ,166.535,45.4908,A
2017-04-21 23:26:55.827,XYZ,112.742,97.2211,B
2017-04-21 23:43:21.000,XYZ,192.206,82.1762,A
2017-04-22 00:00:01.000,XYZ,153.305,4.05144,A
2017-04-22 00:16:56.068,XYZ,120.136,52.4126,B
2017-04-22 00:33:21.000,XYZ,183.323,69.7604,A
2017-04-22 00:50:15.882,XYZ,116.704,32.3792,B
2017-04-22 01:06:41.000,XYZ,130.831,17.3363,A
2017-04-22 01:23:35.949,XYZ,141.187,99.7906,B
2017-04-22 01:40:16.058,XYZ,119.556,57.353,B
2017-04-22 01:56:56.055,XYZ,151.189,86.4747,B
2017-04-22 02:13:35.817,XYZ,183.11,15.285,B
2017-04-22 02:30:15.943,XYZ,182.902,44.9287,B
2017-04-22 02:46:41.000,XYZ,149.617,52.8426,A
2017-04-22 03:03:21.000,XYZ,141.017,25.9097,A
2017-04-22 03:20:16.039,XYZ,108.271,66.3632,B
2017-04-22 03:36:55.923,XYZ,107.586,65.2118,B
2017-04-22 03:53:21.000,XYZ,113.978,71.2881,A
2017-04-22 04:10:16.108,XYZ,194.806,70.7776,B
2017-04-22 04:26:41.000,XYZ,184.333,63.8787,A
2017-04-22 04:43:35.956,XYZ,124.001,39.4738,B
2017-04-22 05:00:01.000,XYZ,135.85,43.3617,A
2017-04-22 05:16:41.000,XYZ,134.115,90.8026,A
2017-04-22 05:33:21.000,XYZ,158.698,9.83179,A
2017-04-22 05:50:15.943,XYZ,178.191,99.629,B
2017-04-22 06:06:55.924,XYZ,105.346,39.1463,B
2017-04-22 06:23:35.905,XYZ,101.728,46.3954,B
2017-04-22 06:40:16.061,XYZ,168.861,92.4616,B
2017-04-22 06:56:41.000,XYZ,101.978,21.9947,A
2017-04-22 07:13:35.967,XYZ,110.372,70.821,B
2017-04-22 07:30:01.000,XYZ,176.266,75.5852,A
2017-04-22 07:46:56.049,XYZ,156.528,47.597,B
2017-04-22 08:03:35.933,XYZ,180.923,72.6394,B
2017-04-22 08:20:01.000,XYZ,188.204,13.4103,A
2017-04-22 08:36:56.151,XYZ,113.761,72.93,B
2017-04-22 08:53:21.000,XYZ,174.512,55.408,A
2017-04-22 09:10:15.801,XYZ,192.137,34.9821,B
2017-04-22 09:26:55.944,XYZ,103.565,79.0091,B
2017-04-22 09:43:21.000,XYZ,156.388,97.2284,A
2017-04-22 10:00:15.883,XYZ,165.274,66.4552,B
2017-04-22 10:16:55.970,XYZ,187.342,25.2922,B
2017-04-22 10:33:21.000,XYZ,115.013,38.2548,A
2017-04-22 10:50:01.000,XYZ,155.341,76.7861,A
2017-04-22 11:06:56.023,XYZ,183.514,29.6791,B
2017-04-22 11:23:36.051,XYZ,134.205,84.0607,B
2017-04-22 11:40:16.010,XYZ,165.771,88.605,B
2017-04-22 11:56:55.972,XYZ,125.055,78.7419,B
2017-04-22 12:13:21.000,XYZ,182.854,92.0177,A
2017-04-22 12:30:01.000,XYZ,198.816,14.5935,A
2017-04-22 12:46:41.000,XYZ,194.629,71.1694,A
2017-04-22 13:03:35.847,XYZ,131.497,75.4522,B
2017-04-22 13:20:01.000,XYZ,186.873,30.2034,A
2017-04-22 13:36:41.000,XYZ,105.037,21.6323,A
2017-04-22 13:53:35.972,XYZ,104.794,15.5382,B
2017-04-22 14:10:16.091,XYZ,141.92,6.03861,B
2017-04-22 14:26:56.061,XYZ,130.364,24.1409,B
2017-04-22 14:43:21.000,XYZ,160.406,52.0932,A
2017-04-22 15:00:15.895,XYZ,152.425,14.1462,B
2017-04-22 15:16:56.124,XYZ,135.868,15.9021,B
2017-04-22 15:33:21.000,XYZ,112.234,69.7649,A
2017-04-22 15:50:01.000,XYZ,157.798,72.9987,A
2017-04-22 16:06:55.980,XYZ,118.633,25.5696,B
2017-04-22 16:23:21.000,XYZ,196.833,34.0761,A
2017-04-22 16:40:01.000,XYZ,106.717,93.4813,A
2017-04-22 16:56:55.954,XYZ,183.587,64.7051,B
2017-04-22 17:13:35.981,XYZ,123.832,47.7619,B
2017-04-22 17:30:16.028,XYZ,154.328,37.7408,B
2017-04-22 17:46:41.000,XYZ,171.414,60.3309,A
2017-04-22 18:03:35.966,XYZ,164.802,89.1203,B
2017-04-22 18:20:01.000,XYZ,112.9,86.6303,A
2017-04-22 18:36:41.000,XYZ,136.501,36.2812,A
2017-04-22 18:53:36.027,XYZ,142.378,60.3518,B
2017-04-22 19:10:16.028,XYZ,176.552,17.6991,B
2017-04-22 19:26:56.097,XYZ,167.317,32.8298,B
2017-04-22 19:43:35.856,XYZ,143.644,34.8491,B
2017-04-22 20:00:16.067,XYZ,142.361,35.7558,B
2017-04-22 20:16:55.963,XYZ,189.538,68.263,B
2017-04-22 20:33:21.000,XYZ,153.511,25.7882,A
2017-04-22 20:50:01.000,XYZ,161.158,6.60638,A
2017-04-22 21:06:41.000,XYZ,103.12,89.7302,A
2017-04-22 21:23:21.000,XYZ,115.202,2.45802,A
2017-04-22 21:40:01.000,XYZ,154.627,94.5573,A
2017-04-22 21:56:56.012,XYZ,126.564,97.1616,B
2017-04-22 22:13:21.000,XYZ,156.448,25.4589,A
2017-04-22 22:30:16.076,XYZ,171.199,40.572,B
2017-04-22 22:46:41.000,XYZ,178.221,57.8885,A
2017-04-22 23:03:36.029,XYZ,109.105,59.6449,B
2017-04-22 23:20:15.931,XYZ,107.396,8.79045,B
2017-04-22 23:36:56.044,XYZ,114.58,13.7717,B
2017-04-22 23:53:35.947,XYZ,154.526,4.99662,B
2017-04-23 00:10:16.075,XYZ,110.948,83.7516,B
2017-04-23 00:26:55.861,XYZ,129.904,33.7616,B
2017-04-23 00:43:21.000,XYZ,175.863,73.845,A
2017-04-23 01:00:01.000,XYZ,152.118,69.7131,A
2017-04-23 01:16:55.991,XYZ,199.968,96.0417,B
2017-04-23 01:33:36.028,XYZ,155.728,54.2854,B
2017-04-23 01:50:01.000,XYZ,149.967,43.0215,A
2017-04-23 02:06:41.000,XYZ,141.617,67.8657,A
2017-04-23 02:23:21.000,XYZ,132.82,21.2986,A
2017-04-23 02:40:15.767,XYZ,154.569,35.1135,B
2017-04-23 02:56:56.000,XYZ,152.566,32.5093,B
2017-04-23 03:13:36.069,XYZ,174.454,87.8163,B
2017-04-23 03:30:01.000,XYZ,174.399,21.3821,A
2017-04-23 03:46:56.150,XYZ,135.805,29.2575,B
2017-04-23 04:03:21.000,XYZ,112.493,78.0429,A
2017-04-23 04:20:01.000,XYZ,137.281,52.6839,A
2017-04-23 04:36:41.000,XYZ,129.822,84.1119,A
2017-04-23 04:53:21.000,XYZ,134.882,29.1849,A
2017-04-23 05:10:01.000,XYZ,107.953,75.0374,A
2017-04-23 05:26:41.000,XYZ,146.807,36.6362,A
2017-04-23 05:43:36.053,XYZ,173.233,70.2869,B
2017-04-23 06:00:16.179,XYZ,148.692,62.3132,B
2017-04-23 06:16:41.000,XYZ,144.963,66.1084,A
2017-04-23 06:33:36.017,XYZ,171.787,10.7616,B
2017-04-23 06:50:01.000,XYZ,128.983,52.3887,A
2017-04-23 07:06:41.000,XYZ,164.823,47.1463,A
2017-04-23 07:23:21.000,XYZ,100.638,25.5994,A
2017-04-23 07:40:16.018,XYZ,138.025,32.3358,B
2017-04-23 07:56:56.026,XYZ,155.814,65.5169,B
2017-04-23 08:13:35.990,XYZ,151.26,8.35794,B
2017-04-23 08:30:15.956,XYZ,137.743,36.1143,B
2017-04-23 08:46:41.000,XYZ,187.412,67.501,A
2017-04-23 09:03:21.000,XYZ,193.822,93.737,A
2017-04-23 09:20:01.000,XYZ,160.535,5.15115,A
2017-04-23 09:36:55.781,XYZ,159.691,22.4892,B
2017-04-23 09:53:35.991,XYZ,100.213,20.7488,B
2017-04-23 10:10:15.773,XYZ,114.416,16.6028,B
2017-04-23 10:26:56.016,XYZ,186.914,83.9819,B
2017-04-23 10:43:36.050,XYZ,114.37,64.4404,B
2017-04-23 11:00:16.118,XYZ,166.484,58.2002,B
2017-04-23 11:16:55.942,XYZ,128.958,16.9975,B
2017-04-23 11:33:35.994,XYZ,144.007,87.1857,B
2017-04-23 11:50:15.845,XYZ,197.078,82.7074,B
2017-04-23 12:06:56.088,XYZ,112.39,94.8053,B
2017-04-23 12:23:21.000,XYZ,101.496,58.3165,A
2017-04-23 12:40:01.000,XYZ,110.63,39.2575,A
2017-04-23 12:56:41.000,XYZ,188.34,57.2616,A
2017-04-23 13:13:36.047,XYZ,119.852,73.3577,B
2017-04-23 13:30:15.947,XYZ,198.066,28.9144,B
2017-04-23 13:46:55.878,XYZ,181.285,33.8666,B
2017-04-23 14:03:21.000,XYZ,147.212,45.9107,A
2017-04-23 14:20:15.935,XYZ,122.463,45.3868,B
2017-04-23 14:36:55.993,XYZ,107.695,24.2089,B
2017-04-23 14:53:35.925,XYZ,162.873,61.1042,B
2017-04-23 15:10:01.000,XYZ,179.533,99.9042,A
2017-04-23 15:26:41.000,XYZ,193.309,2.56139,A
2017-04-23 15:43:21.000,XYZ,168.448,58.8084,A
2017-04-23 16:00:16.061,XYZ,162.014,97.1913,B
2017-04-23 16:16:55.887,XYZ,103.81,12.1486,B
2017-04-23 16:33:21.000,XYZ,196.881,79.3974,A
2017-04-23 16:50:16.032,XYZ,164.348,41.5911,B
2017-04-23 17:06:55.887,XYZ,111.819,42.5969,B
2017-04-23 17:23:35.941,XYZ,144.521,48.5357,B
2017-04-23 17:40:01.000,XYZ,106.975,76.5017,A
2017-04-23 17:56:41.000,XYZ,172.351,20.3825,A
2017-04-23 18:13:21.000,XYZ,134.991,30.4452,A
2017-04-23 18:30:01.000,XYZ,145.349,3.97337,A
2017-04-23 18:46:41.000,XYZ,132.364,87.5048,A
2017-04-23 19:03:36.065,XYZ,177.374,34.9445,B
2017-04-23 19:20:01.000,XYZ,136.672,49.0867,A
2017-04-23 19:36:41.000,XYZ,166.889,54.0569,A
2017-04-23 19:53:21.000,XYZ,129.876,8.49188,A
2017-04-23 20:10:01.000,XYZ,165.824,87.2296,A
2017-04-23 20:26:41.000,XYZ,193.175,28.2587,A
2017-04-23 20:43:21.000,XYZ,132.209,45.4857,A
2017-04-23 21:00:15.982,XYZ,111.19,62.5218,B
2017-04-23 21:16:41.000,XYZ,199.1,78.9144,A
2017-04-23 21:33:21.000,XYZ,101.7,80.3513,A
2017-04-23 21:50:16.116,XYZ,117.36,38.9099,B
2017-04-23 22:06:41.000,XYZ,114.816,37.8793,A
2017-04-23 22:23:36.191,XYZ,116.18,8.68145,B
2017-04-23 22:40:16.092,XYZ,165.971,62.4313,B
2017-04-23 22:56:41.000,XYZ,168.06,53.1478,A
2017-04-23 23:13:35.905,XYZ,179.843,33.0908,B
2017-04-23 23:30:01.000,XYZ,123.649,83.8103,A
2017-04-23 23:46:56.093,XYZ,137.748,19.4105,B
2017-04-24 00:03:21.000,XYZ,175.547,65.1628,A
2017-04-24 00:20:01.000,XYZ,104.865,58.2882,A
2017-04-24 00:36:41.000,XYZ,153.941,15.08,A
2017-04-24 00:53:21.000,XYZ,174.363,97.1285,A
2017-04-24 01:10:15.953,XYZ,155.024,8.7747,B
2017-04-24 01:26:41.000,XYZ,103.36,93.3199,A
2017-04-24 01:43:35.949,XYZ,109,21.7555,B
2017-04-24 02:00:15.965,XYZ,165.034,39.9605,B
2017-04-24 02:16:56.141,XYZ,184.282,32.5824,B
2017-04-24 02:33:36.036,XYZ,110.339,10.9408,B
2017-04-24 02:50:16.140,XYZ,135.331,44.6341,B
2017-04-24 03:06:41.000,XYZ,117.333,44.0027,A
2017-04-24 03:23:21.000,XYZ,199.077,12.2114,A
2017-04-24 03:40:01.000,XYZ,130.664,45.2755,A
2017-04-24 03:56:56.027,XYZ,178.215,79.2955,B
2017-04-24 04:13:21.000,XYZ,138.086,75.7108,A
2017-04-24 04:30:01.000,XYZ,175.208,33.1379,A
2017-04-24 04:46:55.990,XYZ,164.487,67.188,B
2017-04-24 05:03:21.000,XYZ,172.863,86.1994,A
2017-04-24 05:20:15.978,XYZ,141.32,78.3749,B
2017-04-24 05:36:41.000,XYZ,171.948,52.3264,A
2017-04-24 05:53:21.000,XYZ,189.51,38.4319,A
2017-04-24 06:10:01.000,XYZ,179.338,19.7128,A
2017-04-24 06:26:55.817,XYZ,128.404,71.4682,B
2017-04-24 06:43:36.048,XYZ,170.376,84.0923,B
2017-04-24 07:00:16.100,XYZ,116.745,90.9459,B
2017-04-24 07:16:56.071,XYZ,114.671,1.81469,B
2017-04-24 07:33:35.809,XYZ,133.368,89.7345,B
2017-04-24 07:50:16.004,XYZ,104.62,24.4693,B
2017-04-24 08:06:56.088,XYZ,100.272,50.6867,B
2017-04-24 08:23:35.951,XYZ,198.672,53.4387,B
2017-04-24 08:40:16.004,XYZ,149.013,95.8786,B
2017-04-24 08:56:55.935,XYZ,185.758,39.613,B
2017-04-24 09:13:35.986,XYZ,181.595,74.8233,B
2017-04-24 09:30:01.000,XYZ,181.649,50.9071,A
2017-04-24 09:46:41.000,XYZ,199.805,88.2579,A
2017-04-24 10:03:35.991,XYZ,194.931,59.2615,B
2017-04-24 10:20:15.997,XYZ,110.807,56.4659,B
2017-04-24 10:36:55.870,XYZ,168.665,85.5455,B
2017-04-24 10:53:21.000,XYZ,189.534,91.3184,A
2017-04-24 11:10:01.000,XYZ,155.085,51.0636,A
2017-04-24 11:26:41.000,XYZ,117.521,13.5642,A
2017-04-24 11:43:35.923,XYZ,188.978,79.5297,B
2017-04-24 12:00:16.045,XYZ,155.806,79.3669,B
2017-04-24 12:16:41.000,XYZ,150.814,31.7784,A
2017-04-24 12:33:21.000,XYZ,109.075,25.4386,A
2017-04-24 12:50:15.928,XYZ,125.179,11.4862,B
2017-04-24 13:06:55.947,XYZ,187.794,88.1651,B
2017-04-24 13:23:21.000,XYZ,129.235,32.0202,A
2017-04-24 13:40:01.000,XYZ,188.227,82.8621,A
2017-04-24 13:56:56.047,XYZ,125.624,64.1225,B
2017-04-24 14:13:36.145,XYZ,174.765,58.1743,B
2017-04-24 14:30:01.000,XYZ,103.138,13.2001,A
2017-04-24 14:46:41.000,XYZ,163.604,26.832,A
2017-04-24 15:03:21.000,XYZ,152.128,85.0941,A
2017-04-24 15:20:01.000,XYZ,125.813,83.337,A
2017-04-24 15:36:41.000,XYZ,169.772,18.6319,A
2017-04-24 15:53:21.000,XYZ,162.531,7.37927,A
2017-04-24 16:10:15.902,XYZ,152.892,80.0677,B
2017-04-24 16:26:56.081,XYZ,100.373,71.2632,B
2017-04-24 16:43:35.976,XYZ,121.563,90.8553,B
2017-04-24 17:00:16.106,XYZ,120.87,88.7342,B
2017-04-24 17:16:56.079,XYZ,156.118,32.6717,B
2017-04-24 17:33:36.058,XYZ,103.478,10.7484,B
2017-04-24 17:50:15.878,XYZ,164.314,31.7752,B
2017-04-24 18:06:41.000,XYZ,104.443,38.4996,A
2017-04-24 18:23:36.001,XYZ,179.873,93.7121,B
2017-04-24 18:40:16.036,XYZ,157.685,54.5995,B
2017-04-24 18:56:55.936,XYZ,161.765,77.878,B
2017-04-24 19:13:21.000,XYZ,149.328,31.1578,A
2017-04-24 19:30:01.000,XYZ,149.697,2.65846,A
2017-04-24 19:46:41.000,XYZ,183.567,96.7716,A
2017-04-24 20:03:21.000,XYZ,169.857,18.2491,A
2017-04-24 20:20:01.000,XYZ,143.583,53.8188,A
2017-04-24 20:36:55.881,XYZ,163.035,19.5076,B
2017-04-24 20:53:21.000,XYZ,154.781,45.6416,A
2017-04-24 21:10:01.000,XYZ,172.942,36.2446,A
2017-04-24 21:26:41.000,XYZ,181.14,54.589,A
2017-04-24 21:43:35.964,XYZ,116.946,48.6608,B
2017-04-24 22:00:16.097,XYZ,110.841,47.6841,B
2017-04-24 22:16:41.000,XYZ,189.275,53.8214,A
2017-04-24 22:33:35.979,XYZ,187.602,96.8461,B
2017-04-24 22:50:15.996,XYZ,124.253,85.4627,B
2017-04-24 23:06:56.016,XYZ,142.029,33.5474,B
2017-04-24 23:23:35.932,XYZ,124.789,51.0544,B
2017-04-24 23:40:01.000,XYZ,104.065,94.7365,A
2017-04-24 23:56:56.135,XYZ,133.586,50.9068,B
2017-04-25 00:13:21.000,XYZ,103.309,59.235,A
2017-04-25 00:30:15.914,XYZ,126.63,43.7441,B
2017-04-25 00:46:56.025,XYZ,183.164,34.6503,B
2017-04-25 01:03:36.163,XYZ,199.813,32.09,B
2017-04-25 01:20:01.000,XYZ,179.977,89.7303,A
2017-04-25 01:36:41.000,XYZ,113.617,85.0478,A
2017-04-25 01:53:21.000,XYZ,182.455,47.8613,A
2017-04-25 02:10:01.000,XYZ,133.381,87.5075,A
2017-04-25 02:26:56.104,XYZ,154.733,16.6633,B
2017-04-25 02:43:21.000,XYZ,150.89,77.9466,A
2017-04-25 03:00:15.862,XYZ,158.177,78.3331,B
2017-04-25 03:16:41.000,XYZ,171.864,27.6584,A
2017-04-25 03:33:21.000,XYZ,154.803,20.4939,A
2017-04-25 03:50:01.000,XYZ,184.951,14.9169,A
2017-04-25 04:06:55.940,XYZ,105.649,9.48546,B
2017-04-25 04:23:35.894,XYZ,164.644,45.1769,B
2017-04-25 04:40:01.000,XYZ,118.226,78.9498,A
2017-04-25 04:56:56.225,XYZ,115.069,61.1701,B
2017-04-25 05:13:21.000,XYZ,180.271,61.7643,A
2017-04-25 05:30:16.072,XYZ,173.241,73.8208,B
2017-04-25 05:46:55.813,XYZ,152.63,90.3954,B
2017-04-25 06:03:35.792,XYZ,137.172,85.5334,B
2017-04-25 06:20:16.030,XYZ,134.171,71.3115,B
2017-04-25 06:36:56.015,XYZ,168.529,23.096,B
2017-04-25 06:53:21.000,XYZ,178.067,44.2907,A
2017-04-25 07:10:01.000,XYZ,173.375,8.2239,A
2017-04-25 07:26:41.000,XYZ,178.889,92.0319,A
2017-04-25 07:43:35.841,XYZ,190.869,73.0253,B
2017-04-25 08:00:01.000,XYZ,136.527,69.3052,A
2017-04-25 08:16:41.000,XYZ,145.793,27.7272,A
2017-04-25 08:33:36.089,XYZ,146.163,83.0102,B
2017-04-25 08:50:16.004,XYZ,166.888,70.7327,B
2017-04-25 09:06:56.143,XYZ,102.398,45.0624,B
2017-04-25 09:23:21.000,XYZ,181.828,78.3316,A
2017-04-25 09:40:01.000,XYZ,197.361,64.7873,A
2017-04-25 09:56:41.000,XYZ,102.736,51.8578,A
2017-04-25 10:13:35.828,XYZ,187.64,67.91,B
2017-04-25 10:30:01.000,XYZ,118.7,75.9356,A
2017-04-25 10:46:41.000,XYZ,141.927,63.9475,A
2017-04-25 11:03:36.028,XYZ,187.258,34.4599,B
2017-04-25 11:20:16.066,XYZ,192.422,65.3129,B
2017-04-25 11:36:41.000,XYZ,108.148,31.2774,A
2017-04-25 11:53:21.000,XYZ,176.983,93.5157,A
2017-04-25 12:10:01.000,XYZ,155.564,7.02507,A
2017-04-25 12:26:41.000,XYZ,196.564,71.8069,A
2017-04-25 12:43:21.000,XYZ,191.221,4.34338,A
2017-04-25 13:00:01.000,XYZ,164.11,31.738,A
2017-04-25 13:16:55.942,XYZ,113.67,58.4971,B
2017-04-25 13:33:36.015,XYZ,167.889,33.5648,B
2017-04-25 13:50:01.000,XYZ,122.883,95.9301,A
2017-04-25 14:06:41.000,XYZ,153.501,95.1067,A
2017-04-25 14:23:21.000,XYZ,118.866,67.9087,A
2017-04-25 14:40:16.042,XYZ,127.91,32.9573,B
2017-04-25 14:56:41.000,XYZ,154.1,12.1322,A
2017-04-25 15:13:35.895,XYZ,120.846,97.3397,B
2017-04-25 15:30:01.000,XYZ,131.445,64.0855,A
2017-04-25 15:46:41.000,XYZ,126.169,59.773,A
2017-04-25 16:03:21.000,XYZ,168.093,87.8017,A
2017-04-25 16:20:01.000,XYZ,126.12,97.6959,A
2017-04-25 16:36:55.819,XYZ,100.883,26.6176,B
2017-04-25 16:53:35.899,XYZ,195.869,65.1721,B
2017-04-25 17:10:16.199,XYZ,186.26,29.7073,B
2017-04-25 17:26:41.000,XYZ,180.541,17.589,A
2017-04-25 17:43:35.981,XYZ,106.871,5.73189,B
2017-04-25 18:00:01.000,XYZ,109.462,99.0265,A
2017-04-25 18:16:55.941,XYZ,166.051,73.5687,B
2017-04-25 18:33:21.000,XYZ,124.376,81.8884,A
2017-04-25 18:50:01.000,XYZ,142.245,92.9333,A
2017-04-25 19:06:41.000,XYZ,143.934,76.1813,A
2017-04-25 19:23:36.071,XYZ,178.337,38.5906,B
2017-04-25 19:40:15.941,XYZ,196.89,95.0488,B
2017-04-25 19:56:55.937,XYZ,153.753,95.1042,B
2017-04-25 20:13:36.004,XYZ,125.888,3.812,B
2017-04-25 20:30:16.086,XYZ,175.763,79.9366,B
2017-04-25 20:46:55.936,XYZ,161.196,72.4701,B
2017-04-25 21:03:21.000,XYZ,106.53,58.0474,A
2017-04-25 21:20:01.000,XYZ,167.71,45.6295,A
2017-04-25 21:36:56.042,XYZ,153.105,70.1746,B
2017-04-25 21:53:21.000,XYZ,179.221,36.617,A
2017-04-25 22:10:15.933,XYZ,117.261,3.39854,B
2017-04-25 22:26:41.000,XYZ,161.755,65.4456,A
2017-04-25 22:43:35.941,XYZ,186.348,6.9925,B
2017-04-25 23:00:16.011,XYZ,144.201,56.1356,B
2017-04-25 23:16:41.000,XYZ,155.012,64.8973,A
2017-04-25 23:33:21.000,XYZ,189.266,40.1491,A
2017-04-25 23:50:15.850,XYZ,130.605,98.7406,B
2017-04-26 00:06:41.000,XYZ,190.006,48.122,A
2017-04-26 00:23:36.054,XYZ,181.056,26.6298,B
2017-04-26 00:40:01.000,XYZ,158.884,97.9858,A
2017-04-26 00:56:55.971,XYZ,184.942,46.6546,B
2017-04-26 01:13:21.000,XYZ,156.077,81.0631,A
2017-04-26 01:30:01.000,XYZ,169.06,24.1435,A
2017-04-26 01:46:55.798,XYZ,113.358,16.0577,B
2017-04-26 02:03:36.028,XYZ,130.776,11.8052,B
2017-04-26 02:20:16.009,XYZ,147.99,68.8212,B
2017-04-26 02:36:41.000,XYZ,169.484,37.0745,A
2017-04-26 02:53:21.000,XYZ,150.134,42.9271,A
2017-04-26 03:10:01.000,XYZ,119.354,58.3963,A
2017-04-26 03:26:56.276,XYZ,129.933,53.0941,B
2017-04-26 03:43:21.000,XYZ,188.542,39.2794,A
2017-04-26 04:00:16.046,XYZ,140.994,7.84414,B
2017-04-26 04:16:41.000,XYZ,160.781,71.4904,A
2017-04-26 04:33:21.000,XYZ,127.286,75.4775,A
2017-04-26 04:50:16.063,XYZ,158.956,96.1556,B
2017-04-26 05:06:41.000,XYZ,182.886,81.0819,A
2017-04-26 05:23:21.000,XYZ,147.65,38.6072,A
2017-04-26 05:40:15.951,XYZ,126.047,93.0143,B
2017-04-26 05:56:56.298,XYZ,182.656,81.8379,B
2017-04-26 06:13:36.032,XYZ,171.334,44.8722,B
2017-04-26 06:30:01.000,XYZ,102.669,68.725,A
2017-04-26 06:46:41.000,XYZ,126.609,78.1895,A
2017-04-26 07:03:35.997,XYZ,170.751,27.6188,B
2017-04-26 07:20:01.000,XYZ,104.822,66.6559,A
2017-04-26 07:36:41.000,XYZ,119.901,6.95498,A
2017-04-26 07:53:35.856,XYZ,116.776,60.0757,B
2017-04-26 08:10:16.074,XYZ,169.816,54.8485,B
2017-04-26 08:26:41.000,XYZ,127.322,43.5179,A
2017-04-26 08:43:35.860,XYZ,114.159,66.5267,B
2017-04-26 09:00:15.889,XYZ,106.64,73.4133,B
2017-04-26 09:16:41.000,XYZ,173.724,47.1807,A
2017-04-26 09:33:21.000,XYZ,179.116,91.7979,A
2017-04-26 09:50:01.000,XYZ,124.963,87.1831,A
2017-04-26 10:06:41.000,XYZ,165.295,71.4193,A
2017-04-26 10:23:36.120,XYZ,160.523,23.2169,B
2017-04-26 10:40:15.899,XYZ,105.724,40.5675,B
2017-04-26 10:56:55.929,XYZ,127.941,22.8782,B
2017-04-26 11:13:21.000,XYZ,134.155,81.5116,A
2017-04-26 11:30:01.000,XYZ,110.844,35.6988,A
2017-04-26 11:46:55.970,XYZ,115.947,9.79824,B
2017-04-26 12:03:21.000,XYZ,139.737,51.2283,A
2017-04-26 12:20:01.000,XYZ,118.952,27.2693,A
2017-04-26 12:36:41.000,XYZ,162.286,81.5385,A
2017-04-26 12:53:36.012,XYZ,102.538,25.2055,B
2017-04-26 13:10:01.000,XYZ,128.311,91.0134,A
2017-04-26 13:26:41.000,XYZ,171.601,98.3456,A
2017-04-26 13:43:35.993,XYZ,183.145,12.5753,B
2017-04-26 14:00:01.000,XYZ,108.611,6.57231,A
2017-04-26 14:16:41.000,XYZ,149.566,7.1244,A
2017-04-26 14:33:21.000,XYZ,131.273,62.9044,A
2017-04-26 14:50:01.000,XYZ,134.27,97.51,A
2017-04-26 15:06:41.000,XYZ,194.209,71.4007,A
2017-04-26 15:23:21.000,XYZ,112.942,61.5915,A
2017-04-26 15:40:01.000,XYZ,177.603,25.0272,A
2017-04-26 15:56:41.000,XYZ,117.117,31.3406,A
2017-04-26 16:13:35.903,XYZ,188.023,34.3729,B
2017-04-26 16:30:01.000,XYZ,104.463,16.7813,A
2017-04-26 16:46:41.000,XYZ,147.112,27.8051,A
2017-04-26 17:03:36.000,XYZ,143.641,4.10965,B
2017-04-26 17:20:15.813,XYZ,149.955,72.9755,B
2017-04-26 17:36:56.172,XYZ,170.508,17.1049,B
2017-04-26 17:53:21.000,XYZ,110.411,93.4055,A
2017-04-26 18:10:01.000,XYZ,150.524,99.8254,A
2017-04-26 18:26:55.953,XYZ,185.028,98.7503,B
2017-04-26 18:43:21.000,XYZ,199.383,88.2677,A
2017-04-26 19:00:15.961,XYZ,157.311,54.3506,B
2017-04-26 19:16:41.000,XYZ,126.026,62.3435,A
2017-04-26 19:33:36.045,XYZ,198.784,30.9548,B
2017-04-26 19:50:01.000,XYZ,104.239,68.6747,A
2017-04-26 20:06:41.000,XYZ,124.811,20.6028,A
2017-04-26 20:23:35.873,XYZ,146.895,23.4082,B
2017-04-26 20:40:15.991,XYZ,196.979,68.5612,B
2017-04-26 20:56:56.000,XYZ,124.29,33.0167,B
2017-04-26 21:13:21.000,XYZ,115.857,66.478,A
2017-04-26 21:30:15.914,XYZ,115.023,81.7354,B
2017-04-26 21:46:56.094,XYZ,197.6,18.8111,B
2017-04-26 22:03:21.000,XYZ,112.23,45.1082,A
2017-04-26 22:20:01.000,XYZ,199.864,58.7604,A
2017-04-26 22:36:41.000,XYZ,145.373,29.7546,A
2017-04-26 22:53:35.936,XYZ,158.799,95.0337,B
2017-04-26 23:10:16.064,XYZ,123.795,19.7321,B
2017-04-26 23:26:41.000,XYZ,188.556,96.2424,A
2017-04-26 23:43:21.000,XYZ,162.642,8.71603,A
2017-04-27 00:00:01.000,XYZ,105.038,96.0091,A
2017-04-27 00:16:41.000,XYZ,133.749,61.8267,A
2017-04-27 00:33:36.101,XYZ,107.534,71.0691,B
2017-04-27 00:50:16.013,XYZ,129.388,89.9289,B
2017-04-27 01:06:41.000,XYZ,121.761,8.62711,A
2017-04-27 01:23:35.887,XYZ,173.828,2.9852,B
2017-04-27 01:40:01.000,XYZ,168.908,17.3458,A
2017-04-27 01:56:55.933,XYZ,103.327,75.7284,B
2017-04-27 02:13:36.007,XYZ,132.797,32.1712,B
2017-04-27 02:30:16.068,XYZ,192.331,90.9901,B
2017-04-27 02:46:56.005,XYZ,197.443,89.508,B
2017-04-27 03:03:21.000,XYZ,104.597,26.3512,A
2017-04-27 03:20:01.000,XYZ,168.084,11.3776,A
2017-04-27 03:36:41.000,XYZ,116.056,19.3024,A
2017-04-27 03:53:21.000,XYZ,169.143,58.5636,A
2017-04-27 04:10:01.000,XYZ,172.315,66.9503,A
2017-04-27 04:26:41.000,XYZ,168.732,36.8108,A
2017-04-27 04:43:35.997,XYZ,108.839,27.0619,B
2017-04-27 05:00:15.951,XYZ,169.75,42.9533,B
2017-04-27 05:16:55.818,XYZ,197.737,30.2439,B
2017-04-27 05:33:35.944,XYZ,105.954,76.7221,B
2017-04-27 05:50:01.000,XYZ,168.883,88.4062,A
2017-04-27 06:06:56.164,XYZ,190.563,71.361,B
2017-04-27 06:23:36.034,XYZ,182.732,70.2263,B
2017-04-27 06:40:15.927,XYZ,176.392,14.4557,B
2017-04-27 06:56:41.000,XYZ,189.604,29.3139,A
2017-04-27 07:13:35.987,XYZ,137.182,69.0699,B
2017-04-27 07:30:15.855,XYZ,188.962,31.8606,B
2017-04-27 07:46:56.032,XYZ,138.373,72.6201,B
2017-04-27 08:03:21.000,XYZ,138.268,67.2027,A
2017-04-27 08:20:01.000,XYZ,113.223,95.9567,A
2017-04-27 08:36:56.188,XYZ,136.159,9.43836,B
2017-04-27 08:53:21.000,XYZ,192.351,78.888,A
2017-04-27 09:10:15.929,XYZ,141.07,31.7144,B
2017-04-27 09:26:41.000,XYZ,141.391,54.1246,A
2017-04-27 09:43:36.138,XYZ,125.883,62.8067,B
2017-04-27 10:00:01.000,XYZ,172.215,4.88754,A
2017-04-27 10:16:41.000,XYZ,142.547,58.9166,A
2017-04-27 10:33:21.000,XYZ,116.516,73.5156,A
2017-04-27 10:50:01.000,XYZ,186.627,49.6064,A
2017-04-27 11:06:55.945,XYZ,169.547,32.7952,B
2017-04-27 11:23:35.978,XYZ,192.503,67.9166,B
2017-04-27 11:40:01.000,XYZ,198.959,85.5414,A
2017-04-27 11:56:41.000,XYZ,110.985,60.6512,A
2017-04-27 12:13:36.007,XYZ,174.294,43.4738,B
2017-04-27 12:30:01.000,XYZ,139.099,99.8694,A
2017-04-27 12:46:41.000,XYZ,115.621,65.3529,A
2017-04-27 13:03:21.000,XYZ,183.815,26.9084,A
2017-04-27 13:20:16.096,XYZ,139.336,4.31868,B
2017-04-27 13:36:56.159,XYZ,151.32,3.32123,B
2017-04-27 13:53:21.000,XYZ,101.927,35.695,A
2017-04-27 14:10:01.000,XYZ,134.997,66.7341,A
2017-04-27 14:26:56.042,XYZ,155.484,41.5243,B
2017-04-27 14:43:36.027,XYZ,197.275,13.6479,B
2017-04-27 15:00:01.000,XYZ,133.164,88.144,A
2017-04-27 15:16:56.030,XYZ,164.9,79.5482,B
2017-04-27 15:33:35.963,XYZ,114.304,89.3565,B
2017-04-27 15:50:01.000,XYZ,106.721,31.1944,A
2017-04-27 16:06:41.000,XYZ,110.798,85.0334,A
2017-04-27 16:23:35.995,XYZ,142.444,72.9216,B
2017-04-27 16:40:15.874,XYZ,168.132,51.9266,B
2017-04-27 16:56:41.000,XYZ,140.137,87.8942,A
2017-04-27 17:13:21.000,XYZ,123.22,77.5587,A
2017-04-27 17:30:01.000,XYZ,161.519,61.4244,A
2017-04-27 17:46:56.028,XYZ,121.902,67.7462,B
2017-04-27 18:03:36.075,XYZ,152.095,95.125,B
2017-04-27 18:20:01.000,XYZ,182.539,89.68,A
2017-04-27 18:36:56.166,XYZ,131.956,1.68692,B
2017-04-27 18:53:35.995,XYZ,120.494,79.1541,B
2017-04-27 19:10:01.000,XYZ,104.947,25.842,A
2017-04-27 19:26:41.000,XYZ,156.85,11.5661,A
2017-04-27 19:43:21.000,XYZ,123.123,35.1962,A
2017-04-27 20:00:15.976,XYZ,147.354,39.6763,B
2017-04-27 20:16:41.000,XYZ,132.627,43.3133,A
2017-04-27 20:33:35.765,XYZ,194.633,72.7154,B
2017-04-27 20:50:01.000,XYZ,142.886,96.734,A
2017-04-27 21:06:55.902,XYZ,163.367,95.2718,B
2017-04-27 21:23:21.000,XYZ,103.85,31.1214,A
2017-04-27 21:40:01.000,XYZ,152.942,77.8603,A
2017-04-27 21:56:41.000,XYZ,147.494,1.78234,A
2017-04-27 22:13:21.000,XYZ,125.827,44.1511,A
2017-04-27 22:30:16.027,XYZ,177.585,50.7682,B
2017-04-27 22:46:55.890,XYZ,124.847,52.924,B
2017-04-27 23:03:21.000,XYZ,106.149,17.4926,A
2017-04-27 23:20:15.969,XYZ,132.72,98.4175,B
2017-04-27 23:36:41.000,XYZ,128.23,99.4643,A
2017-04-27 23:53:21.000,XYZ,112.826,67.1962,A
2017-04-28 00:10:01.000,XYZ,182.254,16.8218,A
2017-04-28 00:26:55.978,XYZ,181.043,41.9928,B
2017-04-28 00:43:35.894,XYZ,185.945,60.8162,B
2017-04-28 01:00:01.000,XYZ,148.442,36.0004,A
2017-04-28 01:16:41.000,XYZ,152.786,90.3637,A
2017-04-28 01:33:36.056,XYZ,157.421,43.1197,B
2017-04-28 01:50:01.000,XYZ,120.166,33.4456,A
2017-04-28 02:06:41.000,XYZ,107.017,9.34142,A
2017-04-28 02:23:35.961,XYZ,151.235,53.2623,B
2017-04-28 02:40:15.882,XYZ,120.553,63.7353,B
2017-04-28 02:56:56.029,XYZ,183.449,72.9187,B
2017-04-28 03:13:21.000,XYZ,173.725,21.0517,A
2017-04-28 03:30:15.995,XYZ,123.879,70.7933,B
2017-04-28 03:46:41.000,XYZ,109.762,37.4237,A
2017-04-28 04:03:21.000,XYZ,191.643,41.0213,A
2017-04-28 04:20:16.035,XYZ,185.619,24.347,B
2017-04-28 04:36:56.073,XYZ,141.083,69.8142,B
2017-04-28 04:53:21.000,XYZ,105.021,14.7978,A
2017-04-28 05:10:01.000,XYZ,154.804,88.6977,A
2017-04-28 05:26:41.000,XYZ,184.641,75.8449,A
2017-04-28 05:43:21.000,XYZ,138.702,64.9189,A
2017-04-28 06:00:15.959,XYZ,163.006,15.899,B
2017-04-28 06:16:56.172,XYZ,126.612,45.611,B
2017-04-28 06:33:35.998,XYZ,175.119,99.7396,B
2017-04-28 06:50:01.000,XYZ,184.966,18.5135,A
2017-04-28 07:06:55.950,XYZ,196.645,85.3013,B
2017-04-28 07:23:21.000,XYZ,105.458,63.0632,A
2017-04-28 07:40:01.000,XYZ,153.84,19.129,A
2017-04-28 07:56:56.097,XYZ,177.044,20.1173,B
2017-04-28 08:13:21.000,XYZ,160.898,94.7834,A
2017-04-28 08:30:16.151,XYZ,107.407,40.6935,B
2017-04-28 08:46:41.000,XYZ,149.734,23.5258,A
2017-04-28 09:03:21.000,XYZ,119.334,75.9586,A
2017-04-28 09:20:01.000,XYZ,178.375,23.3913,A
2017-04-28 09:36:41.000,XYZ,126.023,24.2671,A
2017-04-28 09:53:21.000,XYZ,128.373,96.2229,A
2017-04-28 10:10:15.963,XYZ,134.244,9.92509,B
2017-04-28 10:26:41.000,XYZ,169.037,86.308,A
2017-04-28 10:43:36.019,XYZ,130.656,65.8777,B
2017-04-28 11:00:01.000,XYZ,179.71,57.1584,A
2017-04-28 11:16:41.000,XYZ,177.982,87.8745,A
2017-04-28 11:33:21.000,XYZ,140.939,41.7561,A
2017-04-28 11:50:15.953,XYZ,178.552,53.5509,B
2017-04-28 12:06:41.000,XYZ,114.041,28.5357,A
2017-04-28 12:23:21.000,XYZ,100.906,86.6926,A
2017-04-28 12:40:01.000,XYZ,178.262,88.49,A
2017-04-28 12:56:41.000,XYZ,185.206,97.1262,A
2017-04-28 13:13:36.078,XYZ,199.169,87.6318,B
2017-04-28 13:30:01.000,XYZ,147.043,16.9271,A
2017-04-28 13:46:41.000,XYZ,122.41,50.2253,A
2017-04-28 14:03:36.025,XYZ,111.582,30.3671,B
2017-04-28 14:20:15.982,XYZ,148.388,20.1036,B
2017-04-28 14:36:56.052,XYZ,101.078,97.2784,B
2017-04-28 14:53:35.968,XYZ,176.633,41.9333,B
2017-04-28 15:10:16.137,XYZ,179.397,39.1252,B
2017-04-28 15:26:41.000,XYZ,112.445,70.561,A
2017-04-28 15:43:21.000,XYZ,199.918,81.8596,A
2017-04-28 16:00:16.055,XYZ,137.236,23.405,B
2017-04-28 16:16:55.916,XYZ,148.189,74.1938,B
2017-04-28 16:33:35.861,XYZ,178.924,48.7613,B
2017-04-28 16:50:16.017,XYZ,105.303,14.7074,B
2017-04-28 17:06:41.000,XYZ,140.281,99.4673,A
2017-04-28 17:23:21.000,XYZ,101.606,34.9611,A
2017-04-28 17:40:15.891,XYZ,181.226,79.6461,B
2017-04-28 17:56:55.996,XYZ,182.747,95.4705,B
2017-04-28 18:13:36.067,XYZ,138.114,35.9253,B
2017-04-28 18:30:16.023,XYZ,103.679,67.0529,B
2017-04-28 18:46:41.000,XYZ,126.436,74.283,A
2017-04-28 19:03:21.000,XYZ,168.729,13.5763,A
2017-04-28 19:20:01.000,XYZ,192.048,63.8025,A
2017-04-28 19:36:41.000,XYZ,135.795,54.656,A
2017-04-28 19:53:21.000,XYZ,165.073,88.301,A
2017-04-28 20:10:01.000,XYZ,164.033,14.447,A
2017-04-28 20:26:41.000,XYZ,147.576,93.3843,A
2017-04-28 20:43:35.886,XYZ,178.243,31.7245,B
2017-04-28 21:00:01.000,XYZ,153.241,91.7488,A
2017-04-28 21:16:41.000,XYZ,147.609,64.5596,A
2017-04-28 21:33:35.923,XYZ,127.967,1.82945,B
2017-04-28 21:50:16.170,XYZ,128.583,48.8639,B
2017-04-28 22:06:56.219,XYZ,132.933,98.2733,B
2017-04-28 22:23:36.053,XYZ,158.923,3.78656,B
2017-04-28 22:40:16.157,XYZ,147.366,86.1419,B
2017-04-28 22:56:41.000,XYZ,175.409,94.5204,A
2017-04-28 23:13:21.000,XYZ,149.177,24.7663,A
2017-04-28 23:30:15.885,XYZ,180.193,10.1751,B
2017-04-28 23:46:56.166,XYZ,125.95,12.6888,B
2017-04-29 00:03:21.000,XYZ,187.566,25.6435,A
2017-04-29 00:20:16.187,XYZ,130.111,87.9091,B
2017-04-29 00:36:41.000,XYZ,161.738,73.1806,A
2017-04-29 00:53:21.000,XYZ,122.541,33.5239,A
2017-04-29 01:10:16.061,XYZ,107.643,7.17762,B
2017-04-29 01:26:55.965,XYZ,101.552,58.8438,B
2017-04-29 01:43:21.000,XYZ,154.788,83.7147,A
2017-04-29 02:00:16.164,XYZ,198.325,56.0602,B
2017-04-29 02:16:41.000,XYZ,184.707,13.5784,A
2017-04-29 02:33:36.129,XYZ,116.593,69.1499,B
2017-04-29 02:50:16.040,XYZ,186.846,22.9541,B
2017-04-29 03:06:41.000,XYZ,157.766,48.8365,A
2017-04-29 03:23:35.957,XYZ,161.03,72.1466,B
2017-04-29 03:40:01.000,XYZ,134.066,54.2348,A
2017-04-29 03:56:41.000,XYZ,189.135,45.4111,A
2017-04-29 04:13:21.000,XYZ,113.557,22.4379,A
2017-04-29 04:30:01.000,XYZ,174.081,94.333,A
2017-04-29 04:46:41.000,XYZ,119.555,44.3546,A
2017-04-29 05:03:21.000,XYZ,100.405,56.6048,A
2017-04-29 05:20:15.993,XYZ,160.036,94.5441,B
2017-04-29 05:36:55.957,XYZ,127.994,59.8667,B
2017-04-29 05:53:36.012,XYZ,183.069,34.3328,B
2017-04-29 06:10:16.018,XYZ,136.62,6.42267,B
2017-04-29 06:26:55.928,XYZ,199.038,69.5992,B
2017-04-29 06:43:35.984,XYZ,188.36,36.1132,B
2017-04-29 07:00:01.000,XYZ,116.932,53.3713,A
2017-04-29 07:16:56.116,XYZ,162.209,11.9386,B
2017-04-29 07:33:21.000,XYZ,167.286,45.6378,A
2017-04-29 07:50:15.999,XYZ,188.179,71.6996,B
2017-04-29 08:06:41.000,XYZ,122.666,34.3918,A
2017-04-29 08:23:21.000,XYZ,178.768,4.53166,A
2017-04-29 08:40:16.032,XYZ,122.835,86.886,B
2017-04-29 08:56:56.090,XYZ,164.813,50.7676,B
2017-04-29 09:13:35.920,XYZ,140.39,93.4152,B
2017-04-29 09:30:01.000,XYZ,129.155,23.2171,A
2017-04-29 09:46:55.979,XYZ,162.479,62.2989,B
2017-04-29 10:03:21.000,XYZ,125.576,37.0234,A
2017-04-29 10:20:15.947,XYZ,177.844,32.7623,B
2017-04-29 10:36:55.972,XYZ,122.043,93.7481,B
2017-04-29 10:53:21.000,XYZ,195.819,25.5211,A
2017-04-29 11:10:16.180,XYZ,143.224,50.8887,B
2017-04-29 11:26:56.038,XYZ,135.891,89.3154,B
2017-04-29 11:43:35.857,XYZ,143.001,5.47071,B
2017-04-29 12:00:01.000,XYZ,127.575,25.384,A
2017-04-29 12:16:56.116,XYZ,150.014,12.4307,B
2017-04-29 12:33:21.000,XYZ,124.974,25.4429,A
2017-04-29 12:50:01.000,XYZ,141.693,61.7563,A
2017-04-29 13:06:56.022,XYZ,184.589,71.17,B
2017-04-29 13:23:21.000,XYZ,103.749,37.8592,A
2017-04-29 13:40:01.000,XYZ,190.845,57.1963,A
2017-04-29 13:56:56.007,XYZ,197.37,15.4718,B
2017-04-29 14:13:36.043,XYZ,180.985,87.0631,B
2017-04-29 14:30:16.229,XYZ,164.188,50.146,B
2017-04-29 14:46:41.000,XYZ,106.114,8.26249,A
2017-04-29 15:03:36.061,XYZ,116.739,60.1787,B
2017-04-29 15:20:01.000,XYZ,103.794,49.2369,A
2017-04-29 15:36:56.026,XYZ,189.74,57.2916,B
2017-04-29 15:53:21.000,XYZ,100.115,39.4661,A
2017-04-29 16:10:16.188,XYZ,118.57,11.7402,B
2017-04-29 16:26:55.787,XYZ,186.926,33.0722,B
2017-04-29 16:43:21.000,XYZ,169.995,79.7759,A
2017-04-29 17:00:16.052,XYZ,181.631,61.5283,B
2017-04-29 17:16:41.000,XYZ,125.925,22.2364,A
2017-04-29 17:33:21.000,XYZ,188.07,37.8045,A
2017-04-29 17:50:15.991,XYZ,126.317,23.1852,B
2017-04-29 18:06:41.000,XYZ,138.074,66.0499,A
2017-04-29 18:23:21.000,XYZ,198.305,24.5376,A
2017-04-29 18:40:01.000,XYZ,119.542,46.7711,A
2017-04-29 18:56:41.000,XYZ,129.334,50.3897,A
2017-04-29 19:13:35.968,XYZ,112.961,92.6752,B
2017-04-29 19:30:15.874,XYZ,120.713,73.1341,B
2017-04-29 19:46:55.978,XYZ,156.86,15.2815,B
2017-04-29 20:03:36.063,XYZ,189.126,16.0652,B
2017-04-29 20:20:15.949,XYZ,188.891,83.6387,B
2017-04-29 20:36:55.915,XYZ,186.718,67.6352,B
2017-04-29 20:53:21.000,XYZ,177.816,31.2214,A
2017-04-29 21:10:16.028,XYZ,195.624,23.653,B
2017-04-29 21:26:55.965,XYZ,119.852,15.9611,B
2017-04-29 21:43:21.000,XYZ,111.895,17.2584,A
2017-04-29 22:00:16.122,XYZ,125.889,95.8886,B
2017-04-29 22:16:41.000,XYZ,143.15,74.4447,A
2017-04-29 22:33:35.946,XYZ,192.649,87.9914,B
2017-04-29 22:50:15.778,XYZ,192.027,49.3331,B
2017-04-29 23:06:41.000,XYZ,175.071,76.873,A
2017-04-29 23:23:36.110,XYZ,120.961,14.6506,B
2017-04-29 23:40:16.215,XYZ,186.902,77.7412,B
2017-04-29 23:56:41.000,XYZ,113.429,85.6041,A
2017-04-30 00:13:35.962,XYZ,189.303,95.9134,B
2017-04-30 00:30:16.002,XYZ,188.177,28.2299,B
2017-04-30 00:46:41.000,XYZ,183.719,69.9558,A
2017-04-30 01:03:21.000,XYZ,125.87,20.0804,A
2017-04-30 01:20:15.960,XYZ,100.884,96.8477,B
2017-04-30 01:36:41.000,XYZ,151.691,27.5381,A
2017-04-30 01:53:21.000,XYZ,186.286,74.2237,A
2017-04-30 02:10:01.000,XYZ,119.837,31.3339,A
2017-04-30 02:26:56.036,XYZ,102.749,51.2182,B
2017-04-30 02:43:21.000,XYZ,164.274,58.5549,A
2017-04-30 03:00:15.957,XYZ,122.388,28.1041,B
2017-04-30 03:16:41.000,XYZ,149.352,40.7728,A
2017-04-30 03:33:21.000,XYZ,192.957,67.7078,A
2017-04-30 03:50:01.000,XYZ,152.383,83.9029,A
2017-04-30 04:06:41.000,XYZ,112.362,66.8064,A
2017-04-30 04:23:21.000,XYZ,138.427,64.3864,A
2017-04-30 04:40:15.972,XYZ,125.864,13.5984,B
2017-04-30 04:56:41.000,XYZ,109.241,63.4735,A
2017-04-30 05:13:36.004,XYZ,163.143,43.9049,B
2017-04-30 05:30:16.143,XYZ,197.233,87.8924,B
2017-04-30 05:46:41.000,XYZ,132.356,54.1197,A
2017-04-30 06:03:36.168,XYZ,168.916,34.3092,B
2017-04-30 06:20:16.035,XYZ,117.698,85.3152,B
2017-04-30 06:36:56.065,XYZ,132.714,21.7845,B
2017-04-30 06:53:35.928,XYZ,171.849,91.8479,B
2017-04-30 07:10:01.000,XYZ,112.046,66.5316,A
2017-04-30 07:26:41.000,XYZ,174.953,51.1162,A
2017-04-30 07:43:21.000,XYZ,185.37,48.9177,A
2017-04-30 08:00:15.867,XYZ,132.392,57.6961,B
2017-04-30 08:16:41.000,XYZ,164.648,99.1736,A
2017-04-30 08:33:36.044,XYZ,109.789,64.3081,B
2017-04-30 08:50:01.000,XYZ,111.906,38.1374,A
2017-04-30 09:06:56.022,XYZ,174.679,14.1686,B
2017-04-30 09:23:36.040,XYZ,197.636,66.3663,B
2017-04-30 09:40:15.963,XYZ,171.544,4.8621,B
2017-04-30 09:56:55.934,XYZ,159.443,11.7679,B
2017-04-30 10:13:36.012,XYZ,194.807,28.6579,B
2017-04-30 10:30:15.978,XYZ,108.439,17.5671,B
2017-04-30 10:46:41.000,XYZ,194.712,64.5258,A
2017-04-30 11:03:36.141,XYZ,193.368,98.5427,B
2017-04-30 11:20:01.000,XYZ,177.425,77.8625,A
2017-04-30 11:36:41.000,XYZ,137.354,78.8047,A
2017-04-30 11:53:36.092,XYZ,128.868,34.9556,B
2017-04-30 12:10:15.980,XYZ,186.515,45.5147,B
2017-04-30 12:26:55.967,XYZ,197.047,29.2574,B
2017-04-30 12:43:21.000,XYZ,126.94,21.9213,A
2017-04-30 13:00:01.000,XYZ,130.511,49.7842,A
2017-04-30 13:16:55.925,XYZ,116.016,11.5253,B
2017-04-30 13:33:35.900,XYZ,119.748,99.0409,B
2017-04-30 13:50:01.000,XYZ,171.632,77.0271,A
2017-04-30 14:06:41.000,XYZ,168.669,14.2056,A
2017-04-30 14:23:36.051,XYZ,130.166,41.2236,B
2017-04-30 14:40:16.006,XYZ,165.883,31.89,B
2017-04-30 14:56:55.943,XYZ,127.184,24.3476,B
2017-04-30 15:13:36.013,XYZ,170.414,36.19,B
2017-04-30 15:30:01.000,XYZ,114.559,78.5855,A
2017-04-30 15:46:41.000,XYZ,127.843,73.7317,A
2017-04-30 16:03:36.045,XYZ,158.06,49.4384,B
2017-04-30 16:20:01.000,XYZ,126.468,72.527,A
2017-04-30 16:36:41.000,XYZ,174.392,98.4077,A
2017-04-30 16:53:21.000,XYZ,191.46,84.3969,A
2017-04-30 17:10:01.000,XYZ,145.702,71.9299,A
2017-04-30 17:26:41.000,XYZ,128.797,38.1291,A
2017-04-30 17:43:21.000,XYZ,146.935,3.52159,A
2017-04-30 18:00:01.000,XYZ,109.159,32.4897,A
2017-04-30 18:16:56.080,XYZ,173.347,43.8117,B
2017-04-30 18:33:21.000,XYZ,122.597,96.5937,A
2017-04-30 18:50:15.982,XYZ,107.082,3.25396,B
2017-04-30 19:06:41.000,XYZ,159.837,40.5997,A
2017-04-30 19:23:21.000,XYZ,110.087,85.0196,A
2017-04-30 19:40:15.862,XYZ,175.906,94.1088,B
2017-04-30 19:56:55.990,XYZ,168.376,98.832,B
2017-04-30 20:13:21.000,XYZ,199.143,12.8038,A
2017-04-30 20:30:16.058,XYZ,157.521,84.5701,B
2017-04-30 20:46:55.905,XYZ,110.043,44.252,B
2017-04-30 21:03:35.998,XYZ,172.046,63.0925,B
2017-04-30 21:20:16.096,XYZ,140.195,2.92457,B
2017-04-30 21:36:55.971,XYZ,183.98,20.1966,B
2017-04-30 21:53:35.910,XYZ,115.35,27.6032,B
2017-04-30 22:10:16.040,XYZ,181.947,48.8133,B
2017-04-30 22:26:41.000,XYZ,185.9,12.8887,A
2017-04-30 22:43:21.000,XYZ,106.596,86.468,A
2017-04-30 23:00:01.000,XYZ,189.752,15.6768,A
2017-04-30 23:16:41.000,XYZ,129.853,63.3783,A
2017-04-30 23:33:36.128,XYZ,115.863,99.0292,B
2017-04-30 23:50:16.037,XYZ,112.395,55.4782,B
2017-05-01 00:06:41.000,XYZ,186.337,84.3797,A
2017-05-01 00:23:21.000,XYZ,150.664,12.633,A
2017-05-01 00:40:01.000,XYZ,172.111,54.0818,A
2017-05-01 00:56:41.000,XYZ,191.573,14.1268,A
2017-05-01 01:13:21.000,XYZ,179.271,6.87212,A
2017-05-01 01:30:01.000,XYZ,117.467,75.4669,A
2017-05-01 01:46:41.000,XYZ,155.565,53.2426,A
2017-05-01 02:03:35.947,XYZ,114.447,9.48946,B
2017-05-01 02:20:01.000,XYZ,142.338,5.28032,A
2017-05-01 02:36:55.994,XYZ,153.571,93.3939,B
2017-05-01 02:53:21.000,XYZ,157.215,90.5528,A
2017-05-01 03:10:01.000,XYZ,121.631,63.7281,A
2017-05-01 03:26:56.071,XYZ,138.931,88.6107,B
2017-05-01 03:43:21.000,XYZ,137.975,38.5904,A
2017-05-01 04:00:16.076,XYZ,117.815,45.5831,B
2017-05-01 04:16:41.000,XYZ,139.23,30.7714,A
2017-05-01 04:33:36.041,XYZ,156.446,78.9849,B
2017-05-01 04:50:01.000,XYZ,120.255,75.4457,A
2017-05-01 05:06:41.000,XYZ,177.329,97.934,A
2017-05-01 05:23:21.000,XYZ,132.137,32.4301,A
2017-05-01 05:40:01.000,XYZ,154.674,93.5314,A
2017-05-01 05:56:41.000,XYZ,136.086,89.3573,A
2017-05-01 06:13:35.931,XYZ,131.633,59.284,B
2017-05-01 06:30:16.097,XYZ,116.299,18.239,B
2017-05-01 06:46:56.207,XYZ,135.458,53.1721,B
2017-05-01 07:03:35.860,XYZ,115.181,52.8373,B
2017-05-01 07:20:01.000,XYZ,112.604,95.209,A
2017-05-01 07:36:41.000,XYZ,128.673,1.76788,A
2017-05-01 07:53:21.000,XYZ,195.318,56.4361,A
2017-05-01 08:10:15.808,XYZ,162.053,93.2456,B
2017-05-01 08:26:56.037,XYZ,175.979,71.2658,B
2017-05-01 08:43:21.000,XYZ,141.483,70.2669,A
2017-05-01 09:00:16.071,XYZ,187.417,52.5462,B
2017-05-01 09:16:55.899,XYZ,112.621,63.3518,B
2017-05-01 09:33:35.946,XYZ,193.216,87.3363,B
2017-05-01 09:50:16.013,XYZ,100.922,11.4444,B
2017-05-01 10:06:41.000,XYZ,128.87,43.2452,A
2017-05-01 10:23:35.913,XYZ,187.905,49.0776,B
2017-05-01 10:40:16.067,XYZ,155.22,42.2215,B
2017-05-01 10:56:41.000,XYZ,192.798,37.2499,A
2017-05-01 11:13:35.950,XYZ,194.49,99.63,B
2017-05-01 11:30:16.041,XYZ,112.327,56.3803,B
2017-05-01 11:46:56.060,XYZ,127.599,2.37717,B
2017-05-01 12:03:35.802,XYZ,175.95,12.117,B
2017-05-01 12:20:16.026,XYZ,117.183,38.315,B
2017-05-01 12:36:41.000,XYZ,142.094,80.2402,A
2017-05-01 12:53:21.000,XYZ,159.124,59.8067,A
2017-05-01 13:10:16.130,XYZ,137.944,48.1064,B
2017-05-01 13:26:41.000,XYZ,102.451,30.2149,A
2017-05-01 13:43:21.000,XYZ,173.375,79.3001,A
2017-05-01 14:00:01.000,XYZ,189.516,53.8706,A
2017-05-01 14:16:41.000,XYZ,185.373,60.5548,A
2017-05-01 14:33:35.870,XYZ,126.169,38.3951,B
2017-05-01 14:50:01.000,XYZ,116.372,4.88691,A
2017-05-01 15:06:56.227,XYZ,183.285,74.6614,B
2017-05-01 15:23:36.136,XYZ,157.483,17.1575,B
2017-05-01 15:40:16.181,XYZ,133.647,64.8532,B
2017-05-01 15:56:41.000,XYZ,126.02,5.66949,A
2017-05-01 16:13:35.919,XYZ,179.317,64.2446,B
2017-05-01 16:30:01.000,XYZ,110.093,14.7981,A
2017-05-01 16:46:41.000,XYZ,154.088,41.1723,A
2017-05-01 17:03:21.000,XYZ,149.804,37.2603,A
2017-05-01 17:20:01.000,XYZ,134.296,53.369,A
2017-05-01 17:36:41.000,XYZ,177.252,92.2992,A
2017-05-01 17:53:21.000,XYZ,102.509,26.6629,A
2017-05-01 18:10:16.049,XYZ,167.779,99.9695,B
2017-05-01 18:26:41.000,XYZ,183.559,70.7403,A
2017-05-01 18:43:21.000,XYZ,170.223,50.4588,A
2017-05-01 19:00:01.000,XYZ,159.91,64.7761,A
2017-05-01 19:16:56.070,XYZ,155.842,48.6985,B
2017-05-01 19:33:21.000,XYZ,132.658,7.36679,A
2017-05-01 19:50:01.000,XYZ,100.486,6.87032,A
2017-05-01 20:06:41.000,XYZ,166.586,60.7162,A
2017-05-01 20:23:35.980,XYZ,172.116,90.7442,B
2017-05-01 20:40:16.102,XYZ,119.214,78.4508,B
2017-05-01 20:56:56.015,XYZ,176.708,33.4329,B
2017-05-01 21:13:36.081,XYZ,198.128,61.9661,B
2017-05-01 21:30:01.000,XYZ,104.455,92.8695,A
2017-05-01 21:46:41.000,XYZ,121.847,69.6959,A
2017-05-01 22:03:21.000,XYZ,144.174,64.7566,A
2017-05-01 22:20:16.063,XYZ,190.985,79.2834,B
2017-05-01 22:36:56.040,XYZ,119.384,73.7343,B
2017-05-01 22:53:36.067,XYZ,130.836,49.3061,B
2017-05-01 23:10:16.006,XYZ,140.891,80.3728,B
2017-05-01 23:26:41.000,XYZ,182.651,90.5299,A
2017-05-01 23:43:21.000,XYZ,119.142,50.8036,A
2017-05-02 00:00:01.000,XYZ,196.646,27.7203,A
2017-04-20 10:30:16.886,XYZ,155.616,20.0054,B
2017-04-20 10:46:42.000,XYZ,180.857,18.2991,A
2017-04-20 11:03:22.000,XYZ,167.115,84.9436,A
2017-04-20 11:20:02.000,XYZ,148.61,25.8606,A
2017-04-20 11:36:56.985,XYZ,107.3,26.915,B
2017-04-20 11:53:22.000,XYZ,102.842,90.0903,A
2017-04-20 12:10:02.000,XYZ,131.848,76.5668,A
2017-04-20 12:26:42.000,XYZ,171.007,94.6069,A
2017-04-20 12:43:37.085,XYZ,159.215,79.4085,B
2017-04-20 13:00:02.000,XYZ,141.27,67.5987,A
2017-04-20 13:16:42.000,XYZ,166.865,32.5222,A
2017-04-20 13:33:36.848,XYZ,172.962,93.5281,B
2017-04-20 13:50:02.000,XYZ,109.095,80.5909,A
2017-04-20 14:06:57.062,XYZ,144.814,37.7197,B
2017-04-20 14:23:22.000,XYZ,167.282,56.9168,A
2017-04-20 14:40:02.000,XYZ,116.312,52.6405,A
2017-04-20 14:56:57.160,XYZ,136.964,55.6663,B
2017-04-20 15:13:22.000,XYZ,105.635,42.5017,A
2017-04-20 15:30:17.180,XYZ,108.013,81.5271,B
2017-04-20 15:46:57.248,XYZ,135.661,63.1929,B
2017-04-20 16:03:22.000,XYZ,195.058,28.225,A
2017-04-20 16:20:16.887,XYZ,155.383,40.9255,B
2017-04-20 16:36:56.929,XYZ,175.701,47.1942,B
2017-04-20 16:53:22.000,XYZ,115.44,29.4086,A
2017-04-20 17:10:02.000,XYZ,122.746,15.9053,A
2017-04-20 17:26:42.000,XYZ,141.863,37.7085,A
2017-04-20 17:43:22.000,XYZ,186.485,93.6863,A
2017-04-20 18:00:16.938,XYZ,128.824,87.4627,B
2017-04-20 18:16:42.000,XYZ,135.025,66.7443,A
2017-04-20 18:33:36.955,XYZ,108.647,51.9169,B
2017-04-20 18:50:02.000,XYZ,106.345,78.4375,A
2017-04-20 19:06:56.850,XYZ,115.56,45.7568,B
2017-04-20 19:23:36.886,XYZ,199.927,38.7063,B
2017-04-20 19:40:02.000,XYZ,106.456,87.4813,A
2017-04-20 19:56:42.000,XYZ,170.067,72.1776,A
2017-04-20 20:13:22.000,XYZ,189.154,59.8697,A
2017-04-20 20:30:02.000,XYZ,149.981,51.7366,A
2017-04-20 20:46:42.000,XYZ,116.615,28.5677,A
2017-04-20 21:03:22.000,XYZ,122.054,13.0591,A
2017-04-20 21:20:17.117,XYZ,149.899,75.9249,B
2017-04-20 21:36:42.000,XYZ,110.723,91.1856,A
2017-04-20 21:53:37.021,XYZ,163.563,93.2755,B
2017-04-20 22:10:02.000,XYZ,100.663,93.2274,A
2017-04-20 22:26:42.000,XYZ,101.414,1.16699,A
2017-04-20 22:43:36.945,XYZ,165.635,71.0872,B
2017-04-20 23:00:02.000,XYZ,141.283,83.6226,A
2017-04-20 23:16:42.000,XYZ,161.913,54.0166,A
2017-04-20 23:33:22.000,XYZ,119.576,15.8742,A
2017-04-20 23:50:17.046,XYZ,182.375,43.9384,B
2017-04-21 00:06:42.000,XYZ,198.454,91.4455,A
2017-04-21 00:23:36.754,XYZ,131.558,82.2153,B
2017-04-21 00:40:16.949,XYZ,160.725,52.2054,B
2017-04-21 00:56:42.000,XYZ,104.22,46.6532,A
2017-04-21 01:13:36.967,XYZ,140.656,49.5554,B
2017-04-21 01:30:02.000,XYZ,162.718,42.8782,A
2017-04-21 01:46:57.150,XYZ,121.542,76.2348,B
2017-04-21 02:03:22.000,XYZ,178.452,21.5324,A
2017-04-21 02:20:02.000,XYZ,171.529,21.8129,A
2017-04-21 02:36:42.000,XYZ,189.577,31.3843,A
2017-04-21 02:53:37.025,XYZ,134.324,96.415,B
2017-04-21 03:10:02.000,XYZ,159.071,82.4833,A
2017-04-21 03:26:42.000,XYZ,177.46,21.0201,A
2017-04-21 03:43:22.000,XYZ,136.533,22.5341,A
2017-04-21 04:00:17.001,XYZ,133.191,53.2001,B
2017-04-21 04:16:57.003,XYZ,101.404,7.14137,B
2017-04-21 04:33:36.949,XYZ,120.006,9.64368,B
2017-04-21 04:50:02.000,XYZ,150.627,58.8252,A
2017-04-21 05:06:42.000,XYZ,187.38,59.0032,A
2017-04-21 05:23:36.796,XYZ,133.822,78.5155,B
2017-04-21 05:40:17.196,XYZ,136.028,25.8835,B
2017-04-21 05:56:42.000,XYZ,182.896,6.661,A
2017-04-21 06:13:37.087,XYZ,166.006,15.1678,B
2017-04-21 06:30:17.061,XYZ,117.585,48.0556,B
2017-04-21 06:46:57.006,XYZ,160.707,2.32322,B
2017-04-21 07:03:37.087,XYZ,101.502,92.5384,B
2017-04-21 07:20:02.000,XYZ,170.453,49.7806,A
2017-04-21 07:36:42.000,XYZ,169.236,59.7493,A
2017-04-21 07:53:22.000,XYZ,166.72,46.9477,A
2017-04-21 08:10:17.128,XYZ,138.995,56.6862,B
2017-04-21 08:26:42.000,XYZ,109.567,24.9763,A
2017-04-21 08:43:22.000,XYZ,155.879,91.2317,A
2017-04-21 09:00:02.000,XYZ,158.334,30.5075,A
2017-04-21 09:16:42.000,XYZ,136.604,9.95559,A
2017-04-21 09:33:22.000,XYZ,147.976,55.2001,A
2017-04-21 09:50:02.000,XYZ,188.686,95.7717,A
2017-04-21 10:06:42.000,XYZ,168.611,87.2119,A
2017-04-21 10:23:22.000,XYZ,100.057,26.8631,A
2017-04-21 10:40:02.000,XYZ,186.851,32.4882,A
2017-04-21 10:56:42.000,XYZ,104.369,8.09751,A
2017-04-21 11:13:22.000,XYZ,173.444,16.2711,A
2017-04-21 11:30:17.062,XYZ,182.501,73.0052,B
2017-04-21 11:46:42.000,XYZ,149.583,9.52414,A
2017-04-21 12:03:22.000,XYZ,127.39,40.914,A
2017-04-21 12:20:02.000,XYZ,183.436,8.59446,A
2017-04-21 12:36:56.941,XYZ,186.356,41.1473,B
2017-04-21 12:53:36.949,XYZ,121.286,51.5529,B
2017-04-21 13:10:16.916,XYZ,102.621,88.7575,B
2017-04-21 13:26:42.000,XYZ,150.094,34.777,A
2017-04-21 13:43:37.090,XYZ,146.254,39.5109,B
2017-04-21 14:00:16.984,XYZ,121.222,12.6206,B
2017-04-21 14:16:56.886,XYZ,120.742,96.5996,B
2017-04-21 14:33:36.981,XYZ,135.603,62.3109,B
2017-04-21 14:50:17.034,XYZ,199.924,12.1604,B
2017-04-21 15:06:42.000,XYZ,177.854,34.2787,A
2017-04-21 15:23:22.000,XYZ,183.994,10.8719,A
2017-04-21 15:40:17.067,XYZ,150.256,85.2224,B
2017-04-21 15:56:57.077,XYZ,113.126,84.3082,B
2017-04-21 16:13:22.000,XYZ,187.97,40.1454,A
2017-04-21 16:30:02.000,XYZ,187.811,94.2149,A
2017-04-21 16:46:56.982,XYZ,164.383,32.9618,B
2017-04-21 17:03:22.000,XYZ,137.126,38.2658,A
2017-04-21 17:20:02.000,XYZ,162.71,32.3713,A
2017-04-21 17:36:56.892,XYZ,100.716,5.51123,B
2017-04-21 17:53:22.000,XYZ,196.865,4.74623,A
2017-04-21 18:10:16.877,XYZ,168.415,59.0515,B
2017-04-21 18:26:42.000,XYZ,105.836,92.1035,A
2017-04-21 18:43:22.000,XYZ,183.36,6.55668,A
2017-04-21 19:00:17.011,XYZ,180.7,39.6998,B
2017-04-21 19:16:42.000,XYZ,175.804,74.5683,A
2017-04-21 19:33:22.000,XYZ,107.567,14.095,A
2017-04-21 19:50:17.073,XYZ,186.266,50.213,B
2017-04-21 20:06:42.000,XYZ,151.817,75.3639,A
2017-04-21 20:23:22.000,XYZ,196.378,93.8362,A
2017-04-21 20:40:17.003,XYZ,123.3,1.97006,B
2017-04-21 20:56:56.867,XYZ,122.47,38.4625,B
2017-04-21 21:13:22.000,XYZ,191.03,55.2752,A
2017-04-21 21:30:02.000,XYZ,167.521,56.6198,A
2017-04-21 21:46:42.000,XYZ,123.038,72.8335,A
2017-04-21 22:03:22.000,XYZ,199.933,98.3877,A
2017-04-21 22:20:02.000,XYZ,115.783,56.0316,A
2017-04-21 22:36:42.000,XYZ,188.739,42.4034,A
2017-04-21 22:53:22.000,XYZ,105.159,68.1439,A
2017-04-21 23:10:17.034,XYZ,107.955,69.859,B
2017-04-21 23:26:57.076,XYZ,199.183,1.38004,B
2017-04-21 23:43:22.000,XYZ,199.917,10.2104,A
2017-04-22 00:00:02.000,XYZ,124.667,11.1294,A
2017-04-22 00:16:42.000,XYZ,168.449,6.11993,A
2017-04-22 00:33:36.954,XYZ,106.5,28.2995,B
2017-04-22 00:50:17.151,XYZ,141.248,16.8651,B
2017-04-22 01:06:56.881,XYZ,120.988,84.5734,B
2017-04-22 01:23:37.143,XYZ,194.944,7.35522,B
2017-04-22 01:40:02.000,XYZ,127.635,55.238,A
2017-04-22 01:56:42.000,XYZ,110.776,47.7217,A
2017-04-22 02:13:22.000,XYZ,107.606,76.0924,A
2017-04-22 02:30:02.000,XYZ,119.766,93.3459,A
2017-04-22 02:46:42.000,XYZ,113.624,25.2953,A
2017-04-22 03:03:37.005,XYZ,145.115,55.2926,B
2017-04-22 03:20:02.000,XYZ,129.345,42.5863,A
2017-04-22 03:36:42.000,XYZ,106.81,47.2364,A
2017-04-22 03:53:36.971,XYZ,196.479,8.33215,B
2017-04-22 04:10:02.000,XYZ,100.09,54.1246,A
2017-04-22 04:26:42.000,XYZ,181.956,83.1376,A
2017-04-22 04:43:22.000,XYZ,126.059,48.671,A
2017-04-22 05:00:02.000,XYZ,171.988,18.025,A
2017-04-22 05:16:57.030,XYZ,115.662,79.0496,B
2017-04-22 05:33:37.094,XYZ,138.028,84.964,B
2017-04-22 05:50:02.000,XYZ,183.547,69.2108,A
2017-04-22 06:06:56.834,XYZ,150.221,34.2051,B
2017-04-22 06:23:22.000,XYZ,146.598,18.1086,A
2017-04-22 06:40:16.863,XYZ,131.207,98.5414,B
2017-04-22 06:56:57.085,XYZ,143.686,24.5743,B
2017-04-22 07:13:36.878,XYZ,191.013,91.3701,B
2017-04-22 07:30:02.000,XYZ,125.854,3.58918,A
2017-04-22 07:46:42.000,XYZ,160.592,23.2972,A
2017-04-22 08:03:22.000,XYZ,127.644,59.8234,A
2017-04-22 08:20:02.000,XYZ,185.788,93.2165,A
2017-04-22 08:36:57.253,XYZ,182.558,85.14,B
2017-04-22 08:53:36.894,XYZ,133.498,12.1454,B
2017-04-22 09:10:02.000,XYZ,165.747,68.8894,A
2017-04-22 09:26:56.884,XYZ,108.798,72.6342,B
2017-04-22 09:43:22.000,XYZ,188.141,81.7425,A
2017-04-22 10:00:17.060,XYZ,110.617,17.7609,B
2017-04-22 10:16:57.060,XYZ,145.401,11.5283,B
2017-04-22 10:33:37.142,XYZ,172,65.6616,B
2017-04-22 10:50:17.076,XYZ,127.301,69.3836,B
2017-04-22 11:06:56.852,XYZ,145.099,37.2865,B
2017-04-22 11:23:36.991,XYZ,146.441,12.9453,B
2017-04-22 11:40:17.160,XYZ,138.035,17.7785,B
2017-04-22 11:56:42.000,XYZ,158.728,95.1421,A
2017-04-22 12:13:22.000,XYZ,161.349,20.7879,A
2017-04-22 12:30:02.000,XYZ,112.215,75.3525,A
2017-04-22 12:46:42.000,XYZ,165.966,97.2351,A
2017-04-22 13:03:36.861,XYZ,149.681,2.2357,B
2017-04-22 13:20:02.000,XYZ,166.096,78.7307,A
